{
  "id": 15583,
  "slug": "dau-dua-duong-mi",
  "name": "Dầu dừa dưỡng mi",
  "status": "cached",
  "period": "2024M10_2023M11",
  "price": 499000,
  "price_before_discount": 800000,
  "start_date": "20231101",
  "end_date": "20241031",
  "tier_report": "e_community",
  "can_download": false,
  "can_view": false,
  "introduction": null,
  "report_type": "report_product_line",
  "report_format": "default",
  "report_version": "1.0",
  "url_thumbnail": "https://cf.shopee.vn/file/706040ff7f498b2bb5af36b99864575b",
  "url_cover": "https://storage.googleapis.com/ereport-static/thumbnail/cover/thumbnail-cover-15583-dau-dua-duong-mi.png",
  "url_square": null,
  "url_report": null,
  "available_url_report": null,
  "category_report_id": "c157614325",
  "lst_category": [
    {
      "id": "c950887968",
      "name": "Làm Đẹp",
      "level": null,
      "parent_id": null,
      "parent_name": null,
      "is_leaf": false
    },
    {
      "id": "c157614325",
      "name": "Chăm sóc da mặt",
      "level": null,
      "parent_id": null,
      "parent_name": null,
      "is_leaf": true
    }
  ],
  "lst_report_related": null,
  "updated_at": "2024-11-16T05:34:56",
  "data_filter_report": {
    "composite_compare_lst": null,
    "duration_day": null,
    "end_date": null,
    "is_remove_fake_sale": true,
    "is_smart_queries": false,
    "locations": null,
    "lst_bee_category_base_id": null,
    "lst_category_base_id": null,
    "lst_keyword": [],
    "lst_keyword_exclude": [],
    "lst_keyword_required": [
      "dầu dừa",
      "dưỡng mi"
    ],
    "lst_lazada_categories": [
      "2__4611",
      "2__4956"
    ],
    "lst_platform_id": [
      1,
      2,
      3,
      8
    ],
    "lst_shopee_categories": [
      "1__100664"
    ],
    "lst_tiki_categories": [
      "3__4384",
      "3__1703",
      "3__1815",
      "3__8322",
      "3__44792",
      "3__1801",
      "3__48796",
      "3__1882",
      "3__17166",
      "3__931",
      "3__915",
      "3__1975",
      "3__2549",
      "3__11312",
      "3__1520",
      "3__8594",
      "3__1883",
      "3__1789",
      "3__1686",
      "3__1639",
      "3__8371",
      "3__1846",
      "3__15078",
      "3__27498",
      "3__54574",
      "3__4221",
      "3__6000",
      "3__976",
      "3__27616",
      "3__11603",
      "3__54042",
      "3__1999888999",
      "3__54908",
      "3__1343"
    ],
    "lst_tiktok_categories": [
      "8__601450"
    ],
    "official_types": [
      1,
      0
    ],
    "or_lst_brand": null,
    "order_count_180d_range": null,
    "order_count_30d_range": null,
    "order_count_7d_range": null,
    "order_count_90d_range": null,
    "order_count_range": null,
    "order_revenue_180d_range": null,
    "order_revenue_30d_range": null,
    "order_revenue_7d_range": null,
    "order_revenue_90d_range": null,
    "platform_created_at_range": null,
    "price_range": null,
    "rating_count_range": null,
    "revenue_range": null,
    "start_date": null
  },
  "filter_custom": {
    "lst_platform_id": [
      1,
      2,
      3,
      8
    ],
    "start_date": "20231101",
    "end_date": "20241031"
  },
  "optimized_query": true,
  "free_by_add_on": false,
  "is_unsellable": false,
  "is_report_pdf_valid": false,
  "search_volume_shopee": 11619,
  "lst_sub_report_period": null,
  "lst_yearly_period": null,
  "lst_monthly_period": null,
  "data_analytic": {
    "by_overview": {
      "shop": 272,
      "product": 329,
      "brand": null,
      "lst_revenue_sale_monthly": [
        {
          "begin": "2022-11-01",
          "end": "2022-11-30",
          "begin_ts": null,
          "revenue": 220255935,
          "end_ts": null,
          "score": null
        },
        {
          "begin": "2022-12-01",
          "end": "2022-12-31",
          "begin_ts": null,
          "revenue": 240210574,
          "end_ts": null,
          "score": null
        },
        {
          "begin": "2023-01-01",
          "end": "2023-01-31",
          "begin_ts": null,
          "revenue": 179686643,
          "end_ts": null,
          "score": null
        },
        {
          "begin": "2023-02-01",
          "end": "2023-02-28",
          "begin_ts": null,
          "revenue": 202921329,
          "end_ts": null,
          "score": null
        },
        {
          "begin": "2023-03-01",
          "end": "2023-03-31",
          "begin_ts": null,
          "revenue": 197350795,
          "end_ts": null,
          "score": null
        },
        {
          "begin": "2023-04-01",
          "end": "2023-04-30",
          "begin_ts": null,
          "revenue": 175726514,
          "end_ts": null,
          "score": null
        },
        {
          "begin": "2023-05-01",
          "end": "2023-05-31",
          "begin_ts": null,
          "revenue": 203200188,
          "end_ts": null,
          "score": null
        },
        {
          "begin": "2023-06-01",
          "end": "2023-06-30",
          "begin_ts": null,
          "revenue": 211213107,
          "end_ts": null,
          "score": null
        },
        {
          "begin": "2023-07-01",
          "end": "2023-07-31",
          "begin_ts": null,
          "revenue": 278355096,
          "end_ts": null,
          "score": null
        },
        {
          "begin": "2023-08-01",
          "end": "2023-08-31",
          "begin_ts": null,
          "revenue": 271862625,
          "end_ts": null,
          "score": null
        },
        {
          "begin": "2023-09-01",
          "end": "2023-09-30",
          "begin_ts": null,
          "revenue": 237686524,
          "end_ts": null,
          "score": null
        },
        {
          "begin": "2023-10-01",
          "end": "2023-10-31",
          "begin_ts": null,
          "revenue": 260854916,
          "end_ts": null,
          "score": null
        },
        {
          "begin": "2023-11-01",
          "end": "2023-11-30",
          "begin_ts": null,
          "revenue": 263245551,
          "end_ts": null,
          "score": null
        },
        {
          "begin": "2023-12-01",
          "end": "2023-12-31",
          "begin_ts": null,
          "revenue": 266780989,
          "end_ts": null,
          "score": null
        },
        {
          "begin": "2024-01-01",
          "end": "2024-01-31",
          "begin_ts": null,
          "revenue": 244997545,
          "end_ts": null,
          "score": null
        },
        {
          "begin": "2024-02-01",
          "end": "2024-02-29",
          "begin_ts": null,
          "revenue": 207538885,
          "end_ts": null,
          "score": null
        },
        {
          "begin": "2024-03-01",
          "end": "2024-03-31",
          "begin_ts": null,
          "revenue": 248450477,
          "end_ts": null,
          "score": null
        },
        {
          "begin": "2024-04-01",
          "end": "2024-04-30",
          "begin_ts": null,
          "revenue": 197605100,
          "end_ts": null,
          "score": null
        },
        {
          "begin": "2024-05-01",
          "end": "2024-05-31",
          "begin_ts": null,
          "revenue": 189130796,
          "end_ts": null,
          "score": null
        },
        {
          "begin": "2024-06-01",
          "end": "2024-06-30",
          "begin_ts": null,
          "revenue": 194934863,
          "end_ts": null,
          "score": null
        },
        {
          "begin": "2024-07-01",
          "end": "2024-07-31",
          "begin_ts": null,
          "revenue": 193198053,
          "end_ts": null,
          "score": null
        },
        {
          "begin": "2024-08-01",
          "end": "2024-08-31",
          "begin_ts": null,
          "revenue": 169858697,
          "end_ts": null,
          "score": null
        },
        {
          "begin": "2024-09-01",
          "end": "2024-09-30",
          "begin_ts": null,
          "revenue": 187154403,
          "end_ts": null,
          "score": null
        },
        {
          "begin": "2024-10-01",
          "end": "2024-10-31",
          "begin_ts": null,
          "revenue": 225806370,
          "end_ts": null,
          "score": null
        }
      ],
      "gr_monthly": null,
      "gr_quarter": null
    },
    "by_category": {
      "lst_bee_category": [],
      "lst_shopee_category": null,
      "lst_lazada_category": null,
      "lst_tiki_category": null
    },
    "by_marketplace": {
      "lst_marketplace": [
        {
          "platform_id": 1,
          "name": "Shopee",
          "ratio_revenue": 0.6554559074889852,
          "ratio_sale": 0.7858005339477795
        },
        {
          "platform_id": 3,
          "name": "Tiki",
          "ratio_revenue": 0.15677008882625118,
          "ratio_sale": 0.0681946583066544
        },
        {
          "platform_id": 2,
          "name": "Lazada",
          "ratio_revenue": 0.11104726812657836,
          "ratio_sale": 0.05623068316513609
        },
        {
          "platform_id": 8,
          "name": "Tiktok",
          "ratio_revenue": 0.07672673555818528,
          "ratio_sale": 0.08977412458043003
        }
      ]
    },
    "by_price_range": {
      "lst_price_range": [
        {
          "begin": 10000,
          "end": 50000,
          "ratio_revenue": null,
          "lst_platform": [
            {
              "platform_id": 1,
              "name": null,
              "ratio_revenue": null,
              "ratio_sale": null
            },
            {
              "platform_id": 8,
              "name": null,
              "ratio_revenue": null,
              "ratio_sale": null
            },
            {
              "platform_id": 2,
              "name": null,
              "ratio_revenue": null,
              "ratio_sale": null
            },
            {
              "platform_id": 3,
              "name": null,
              "ratio_revenue": null,
              "ratio_sale": null
            }
          ]
        },
        {
          "begin": 50000,
          "end": 100000,
          "ratio_revenue": null,
          "lst_platform": [
            {
              "platform_id": 3,
              "name": null,
              "ratio_revenue": null,
              "ratio_sale": null
            },
            {
              "platform_id": 2,
              "name": null,
              "ratio_revenue": null,
              "ratio_sale": null
            },
            {
              "platform_id": 1,
              "name": null,
              "ratio_revenue": null,
              "ratio_sale": null
            },
            {
              "platform_id": 8,
              "name": null,
              "ratio_revenue": null,
              "ratio_sale": null
            }
          ]
        },
        {
          "begin": 100000,
          "end": 200000,
          "ratio_revenue": null,
          "lst_platform": [
            {
              "platform_id": 1,
              "name": null,
              "ratio_revenue": null,
              "ratio_sale": null
            },
            {
              "platform_id": 2,
              "name": null,
              "ratio_revenue": null,
              "ratio_sale": null
            },
            {
              "platform_id": 8,
              "name": null,
              "ratio_revenue": null,
              "ratio_sale": null
            },
            {
              "platform_id": 3,
              "name": null,
              "ratio_revenue": null,
              "ratio_sale": null
            }
          ]
        },
        {
          "begin": null,
          "end": 10000,
          "ratio_revenue": null,
          "lst_platform": [
            {
              "platform_id": 1,
              "name": null,
              "ratio_revenue": null,
              "ratio_sale": null
            },
            {
              "platform_id": 2,
              "name": null,
              "ratio_revenue": null,
              "ratio_sale": null
            },
            {
              "platform_id": 8,
              "name": null,
              "ratio_revenue": null,
              "ratio_sale": null
            }
          ]
        },
        {
          "begin": 200000,
          "end": 500000,
          "ratio_revenue": null,
          "lst_platform": [
            {
              "platform_id": 2,
              "name": null,
              "ratio_revenue": null,
              "ratio_sale": null
            }
          ]
        }
      ]
    },
    "by_brand": {
      "ratio": null,
      "lst_top_brand_revenue": [
        {
          "name": "milaganics",
          "shop": null,
          "product": null,
          "brand": null,
          "ratio_revenue": 0.5143173190455131,
          "ratio_sale": null
        },
        {
          "name": "vietcoco",
          "shop": null,
          "product": null,
          "brand": null,
          "ratio_revenue": 0.2379236535471124,
          "ratio_sale": null
        },
        {
          "name": "purevess",
          "shop": null,
          "product": null,
          "brand": null,
          "ratio_revenue": 0.06651448386066963,
          "ratio_sale": null
        },
        {
          "name": "No Brand",
          "shop": null,
          "product": null,
          "brand": null,
          "ratio_revenue": 0.05855575895956942,
          "ratio_sale": null
        },
        {
          "name": "sense plus",
          "shop": null,
          "product": null,
          "brand": null,
          "ratio_revenue": 0.03960740506989753,
          "ratio_sale": null
        },
        {
          "name": "vitabox",
          "shop": null,
          "product": null,
          "brand": null,
          "ratio_revenue": 0.03868343401861279,
          "ratio_sale": null
        },
        {
          "name": "M&M\t",
          "shop": null,
          "product": null,
          "brand": null,
          "ratio_revenue": 0.018283077177296898,
          "ratio_sale": null
        },
        {
          "name": "bau krysie",
          "shop": null,
          "product": null,
          "brand": null,
          "ratio_revenue": 0.006459019634006012,
          "ratio_sale": null
        },
        {
          "name": "coco secret",
          "shop": null,
          "product": null,
          "brand": null,
          "ratio_revenue": 0.0039891470729904515,
          "ratio_sale": null
        },
        {
          "name": "hapuganic",
          "shop": null,
          "product": null,
          "brand": null,
          "ratio_revenue": 0.0021870427122896714,
          "ratio_sale": null
        },
        {
          "name": "Phương Anh Cosmetic",
          "shop": null,
          "product": null,
          "brand": null,
          "ratio_revenue": 0.00192185978667227,
          "ratio_sale": null
        },
        {
          "name": "NÊLA VIETNAM",
          "shop": null,
          "product": null,
          "brand": null,
          "ratio_revenue": 0.0016077096292354568,
          "ratio_sale": null
        },
        {
          "name": "one4one",
          "shop": null,
          "product": null,
          "brand": null,
          "ratio_revenue": 0.0015638210042994314,
          "ratio_sale": null
        },
        {
          "name": "Coboté",
          "shop": null,
          "product": null,
          "brand": null,
          "ratio_revenue": 0.0012854285265473376,
          "ratio_sale": null
        },
        {
          "name": "Bambi",
          "shop": null,
          "product": null,
          "brand": null,
          "ratio_revenue": 0.001228881498208711,
          "ratio_sale": null
        },
        {
          "name": "heebee vietnam",
          "shop": null,
          "product": null,
          "brand": null,
          "ratio_revenue": 0.00099696476433624,
          "ratio_sale": null
        },
        {
          "name": "julyhouse",
          "shop": null,
          "product": null,
          "brand": null,
          "ratio_revenue": 0.000899140253252519,
          "ratio_sale": null
        },
        {
          "name": "BECO BEAUTY VIETNAM",
          "shop": null,
          "product": null,
          "brand": null,
          "ratio_revenue": 0.0005007923097963319,
          "ratio_sale": null
        },
        {
          "name": "Mẹ Ken",
          "shop": null,
          "product": null,
          "brand": null,
          "ratio_revenue": 0.0004204068283345591,
          "ratio_sale": null
        },
        {
          "name": "quê một cục",
          "shop": null,
          "product": null,
          "brand": null,
          "ratio_revenue": 0.00036791418496897015,
          "ratio_sale": null
        },
        {
          "name": "cửu long",
          "shop": null,
          "product": null,
          "brand": null,
          "ratio_revenue": 0.000295818571779324,
          "ratio_sale": null
        },
        {
          "name": "BAU KRYSIE",
          "shop": null,
          "product": null,
          "brand": null,
          "ratio_revenue": 0.0002737264239431058,
          "ratio_sale": null
        },
        {
          "name": "CCFL",
          "shop": null,
          "product": null,
          "brand": null,
          "ratio_revenue": 0.00025916879804458896,
          "ratio_sale": null
        },
        {
          "name": "htx sinh dược",
          "shop": null,
          "product": null,
          "brand": null,
          "ratio_revenue": 0.00021851915362884226,
          "ratio_sale": null
        },
        {
          "name": "dr.ánh",
          "shop": null,
          "product": null,
          "brand": null,
          "ratio_revenue": 0.00021020341416727955,
          "ratio_sale": null
        },
        {
          "name": "HOGI HCN- Mang đến vẻ đẹp từ thiên nhiên",
          "shop": null,
          "product": null,
          "brand": null,
          "ratio_revenue": 0.00018433222473130667,
          "ratio_sale": null
        },
        {
          "name": "suziko",
          "shop": null,
          "product": null,
          "brand": null,
          "ratio_revenue": 0.00017093464448767788,
          "ratio_sale": null
        },
        {
          "name": "M&M",
          "shop": null,
          "product": null,
          "brand": null,
          "ratio_revenue": 0.00015291720898762533,
          "ratio_sale": null
        },
        {
          "name": "OEM",
          "shop": null,
          "product": null,
          "brand": null,
          "ratio_revenue": 0.00013813367216706943,
          "ratio_sale": null
        },
        {
          "name": "Julyhouse",
          "shop": null,
          "product": null,
          "brand": null,
          "ratio_revenue": 0.0001348997734875728,
          "ratio_sale": null
        },
        {
          "name": "sam natural",
          "shop": null,
          "product": null,
          "brand": null,
          "ratio_revenue": 0.0001335138169106457,
          "ratio_sale": null
        },
        {
          "name": "One4One",
          "shop": null,
          "product": null,
          "brand": null,
          "ratio_revenue": 0.0001298179327055067,
          "ratio_sale": null
        },
        {
          "name": "boboon",
          "shop": null,
          "product": null,
          "brand": null,
          "ratio_revenue": 7.860036939069071e-05,
          "ratio_sale": null
        },
        {
          "name": "pháp cosmetic",
          "shop": null,
          "product": null,
          "brand": null,
          "ratio_revenue": 5.9494957977750386e-05,
          "ratio_sale": null
        },
        {
          "name": "mẹ tấm",
          "shop": null,
          "product": null,
          "brand": null,
          "ratio_revenue": 4.218436033193069e-05,
          "ratio_sale": null
        },
        {
          "name": "Cô Ba",
          "shop": null,
          "product": null,
          "brand": null,
          "ratio_revenue": 3.9730755205244045e-05,
          "ratio_sale": null
        },
        {
          "name": "THE NICE BODY",
          "shop": null,
          "product": null,
          "brand": null,
          "ratio_revenue": 3.233898679496608e-05,
          "ratio_sale": null
        },
        {
          "name": "Ngọc Ân",
          "shop": null,
          "product": null,
          "brand": null,
          "ratio_revenue": 3.002905916675422e-05,
          "ratio_sale": null
        },
        {
          "name": "NHÀ QUÊ",
          "shop": null,
          "product": null,
          "brand": null,
          "ratio_revenue": 2.633317496161524e-05,
          "ratio_sale": null
        },
        {
          "name": "Phương Anh",
          "shop": null,
          "product": null,
          "brand": null,
          "ratio_revenue": 2.2868283519297444e-05,
          "ratio_sale": null
        },
        {
          "name": "cocenviet",
          "shop": null,
          "product": null,
          "brand": null,
          "ratio_revenue": 2.0789348653906768e-05,
          "ratio_sale": null
        },
        {
          "name": "MEE NATURAL",
          "shop": null,
          "product": null,
          "brand": null,
          "ratio_revenue": 1.2011623666701688e-05,
          "ratio_sale": null
        },
        {
          "name": "Dầu Dừa Huệ Lan",
          "shop": null,
          "product": null,
          "brand": null,
          "ratio_revenue": 1.1549638141059315e-05,
          "ratio_sale": null
        },
        {
          "name": "Milaganics",
          "shop": null,
          "product": null,
          "brand": null,
          "ratio_revenue": 8.823923539769318e-06,
          "ratio_sale": null
        }
      ],
      "lst_top_brand_sale": [
        {
          "name": "milaganics",
          "shop": null,
          "product": null,
          "brand": null,
          "ratio_revenue": null,
          "ratio_sale": 0.49955106091394547
        },
        {
          "name": "vietcoco",
          "shop": null,
          "product": null,
          "brand": null,
          "ratio_revenue": null,
          "ratio_sale": 0.33100200053557643
        },
        {
          "name": "No Brand",
          "shop": null,
          "product": null,
          "brand": null,
          "ratio_revenue": null,
          "ratio_sale": 0.04799710158625144
        },
        {
          "name": "sense plus",
          "shop": null,
          "product": null,
          "brand": null,
          "ratio_revenue": null,
          "ratio_sale": 0.03734858151001055
        },
        {
          "name": "purevess",
          "shop": null,
          "product": null,
          "brand": null,
          "ratio_revenue": null,
          "ratio_sale": 0.028732101507490195
        },
        {
          "name": "M&M\t",
          "shop": null,
          "product": null,
          "brand": null,
          "ratio_revenue": null,
          "ratio_sale": 0.02043066647763968
        },
        {
          "name": "vitabox",
          "shop": null,
          "product": null,
          "brand": null,
          "ratio_revenue": null,
          "ratio_sale": 0.01257029440952696
        },
        {
          "name": "bau krysie",
          "shop": null,
          "product": null,
          "brand": null,
          "ratio_revenue": null,
          "ratio_sale": 0.00453664760644582
        },
        {
          "name": "hapuganic",
          "shop": null,
          "product": null,
          "brand": null,
          "ratio_revenue": null,
          "ratio_sale": 0.003843548666572153
        },
        {
          "name": "coco secret",
          "shop": null,
          "product": null,
          "brand": null,
          "ratio_revenue": null,
          "ratio_sale": 0.002079296819621001
        },
        {
          "name": "NÊLA VIETNAM",
          "shop": null,
          "product": null,
          "brand": null,
          "ratio_revenue": null,
          "ratio_sale": 0.0018430130901186145
        },
        {
          "name": "Phương Anh Cosmetic",
          "shop": null,
          "product": null,
          "brand": null,
          "ratio_revenue": null,
          "ratio_sale": 0.0015122158688152733
        },
        {
          "name": "one4one",
          "shop": null,
          "product": null,
          "brand": null,
          "ratio_revenue": null,
          "ratio_sale": 0.0014492068742813036
        },
        {
          "name": "julyhouse",
          "shop": null,
          "product": null,
          "brand": null,
          "ratio_revenue": null,
          "ratio_sale": 0.0010711529070774853
        },
        {
          "name": "BECO BEAUTY VIETNAM",
          "shop": null,
          "product": null,
          "brand": null,
          "ratio_revenue": null,
          "ratio_sale": 0.0006458421939731897
        },
        {
          "name": "Coboté",
          "shop": null,
          "product": null,
          "brand": null,
          "ratio_revenue": null,
          "ratio_sale": 0.0006458421939731897
        },
        {
          "name": "quê một cục",
          "shop": null,
          "product": null,
          "brand": null,
          "ratio_revenue": null,
          "ratio_sale": 0.0006300899453396973
        },
        {
          "name": "Bambi",
          "shop": null,
          "product": null,
          "brand": null,
          "ratio_revenue": null,
          "ratio_sale": 0.0005985854480727124
        },
        {
          "name": "suziko",
          "shop": null,
          "product": null,
          "brand": null,
          "ratio_revenue": null,
          "ratio_sale": 0.00058283319943922
        },
        {
          "name": "HOGI HCN- Mang đến vẻ đẹp từ thiên nhiên",
          "shop": null,
          "product": null,
          "brand": null,
          "ratio_revenue": null,
          "ratio_sale": 0.0003307972213033411
        },
        {
          "name": "htx sinh dược",
          "shop": null,
          "product": null,
          "brand": null,
          "ratio_revenue": null,
          "ratio_sale": 0.0002992927240363562
        },
        {
          "name": "dr.ánh",
          "shop": null,
          "product": null,
          "brand": null,
          "ratio_revenue": null,
          "ratio_sale": 0.00028354047540286376
        },
        {
          "name": "cửu long",
          "shop": null,
          "product": null,
          "brand": null,
          "ratio_revenue": null,
          "ratio_sale": 0.00022053148086889404
        },
        {
          "name": "CCFL",
          "shop": null,
          "product": null,
          "brand": null,
          "ratio_revenue": null,
          "ratio_sale": 0.00018902698360190917
        },
        {
          "name": "OEM",
          "shop": null,
          "product": null,
          "brand": null,
          "ratio_revenue": null,
          "ratio_sale": 0.00018902698360190917
        },
        {
          "name": "Julyhouse",
          "shop": null,
          "product": null,
          "brand": null,
          "ratio_revenue": null,
          "ratio_sale": 0.00018902698360190917
        },
        {
          "name": "BAU KRYSIE",
          "shop": null,
          "product": null,
          "brand": null,
          "ratio_revenue": null,
          "ratio_sale": 0.00018902698360190917
        },
        {
          "name": "M&M",
          "shop": null,
          "product": null,
          "brand": null,
          "ratio_revenue": null,
          "ratio_sale": 0.00014177023770143188
        },
        {
          "name": "One4One",
          "shop": null,
          "product": null,
          "brand": null,
          "ratio_revenue": null,
          "ratio_sale": 0.00014177023770143188
        },
        {
          "name": "heebee vietnam",
          "shop": null,
          "product": null,
          "brand": null,
          "ratio_revenue": null,
          "ratio_sale": 0.00014177023770143188
        },
        {
          "name": "Mẹ Ken",
          "shop": null,
          "product": null,
          "brand": null,
          "ratio_revenue": null,
          "ratio_sale": 0.00011026574043444702
        },
        {
          "name": "boboon",
          "shop": null,
          "product": null,
          "brand": null,
          "ratio_revenue": null,
          "ratio_sale": 9.451349180095458e-05
        },
        {
          "name": "pháp cosmetic",
          "shop": null,
          "product": null,
          "brand": null,
          "ratio_revenue": null,
          "ratio_sale": 9.451349180095458e-05
        },
        {
          "name": "NHÀ QUÊ",
          "shop": null,
          "product": null,
          "brand": null,
          "ratio_revenue": null,
          "ratio_sale": 4.725674590047729e-05
        },
        {
          "name": "mẹ tấm",
          "shop": null,
          "product": null,
          "brand": null,
          "ratio_revenue": null,
          "ratio_sale": 4.725674590047729e-05
        },
        {
          "name": "Ngọc Ân",
          "shop": null,
          "product": null,
          "brand": null,
          "ratio_revenue": null,
          "ratio_sale": 3.150449726698486e-05
        },
        {
          "name": "MEE NATURAL",
          "shop": null,
          "product": null,
          "brand": null,
          "ratio_revenue": null,
          "ratio_sale": 3.150449726698486e-05
        },
        {
          "name": "cocenviet",
          "shop": null,
          "product": null,
          "brand": null,
          "ratio_revenue": null,
          "ratio_sale": 3.150449726698486e-05
        },
        {
          "name": "sam natural",
          "shop": null,
          "product": null,
          "brand": null,
          "ratio_revenue": null,
          "ratio_sale": 3.150449726698486e-05
        },
        {
          "name": "THE NICE BODY",
          "shop": null,
          "product": null,
          "brand": null,
          "ratio_revenue": null,
          "ratio_sale": 3.150449726698486e-05
        },
        {
          "name": "Cô Ba",
          "shop": null,
          "product": null,
          "brand": null,
          "ratio_revenue": null,
          "ratio_sale": 1.575224863349243e-05
        },
        {
          "name": "Dầu Dừa Huệ Lan",
          "shop": null,
          "product": null,
          "brand": null,
          "ratio_revenue": null,
          "ratio_sale": 1.575224863349243e-05
        },
        {
          "name": "Milaganics",
          "shop": null,
          "product": null,
          "brand": null,
          "ratio_revenue": null,
          "ratio_sale": 1.575224863349243e-05
        },
        {
          "name": "Phương Anh",
          "shop": null,
          "product": null,
          "brand": null,
          "ratio_revenue": null,
          "ratio_sale": 1.575224863349243e-05
        }
      ],
      "lst_brand": [
        {
          "name": "milaganics",
          "shop": null,
          "product": null,
          "brand": null,
          "ratio_revenue": 0.5143173190455131,
          "ratio_sale": null
        },
        {
          "name": "vietcoco",
          "shop": null,
          "product": null,
          "brand": null,
          "ratio_revenue": 0.2379236535471124,
          "ratio_sale": null
        },
        {
          "name": "purevess",
          "shop": null,
          "product": null,
          "brand": null,
          "ratio_revenue": 0.06651448386066963,
          "ratio_sale": null
        },
        {
          "name": "No Brand",
          "shop": null,
          "product": null,
          "brand": null,
          "ratio_revenue": 0.05855575895956942,
          "ratio_sale": null
        },
        {
          "name": "sense plus",
          "shop": null,
          "product": null,
          "brand": null,
          "ratio_revenue": 0.03960740506989753,
          "ratio_sale": null
        },
        {
          "name": "vitabox",
          "shop": null,
          "product": null,
          "brand": null,
          "ratio_revenue": 0.03868343401861279,
          "ratio_sale": null
        },
        {
          "name": "M&M\t",
          "shop": null,
          "product": null,
          "brand": null,
          "ratio_revenue": 0.018283077177296898,
          "ratio_sale": null
        },
        {
          "name": "bau krysie",
          "shop": null,
          "product": null,
          "brand": null,
          "ratio_revenue": 0.006459019634006012,
          "ratio_sale": null
        },
        {
          "name": "coco secret",
          "shop": null,
          "product": null,
          "brand": null,
          "ratio_revenue": 0.0039891470729904515,
          "ratio_sale": null
        },
        {
          "name": "hapuganic",
          "shop": null,
          "product": null,
          "brand": null,
          "ratio_revenue": 0.0021870427122896714,
          "ratio_sale": null
        },
        {
          "name": "Phương Anh Cosmetic",
          "shop": null,
          "product": null,
          "brand": null,
          "ratio_revenue": 0.00192185978667227,
          "ratio_sale": null
        },
        {
          "name": "NÊLA VIETNAM",
          "shop": null,
          "product": null,
          "brand": null,
          "ratio_revenue": 0.0016077096292354568,
          "ratio_sale": null
        },
        {
          "name": "one4one",
          "shop": null,
          "product": null,
          "brand": null,
          "ratio_revenue": 0.0015638210042994314,
          "ratio_sale": null
        },
        {
          "name": "Coboté",
          "shop": null,
          "product": null,
          "brand": null,
          "ratio_revenue": 0.0012854285265473376,
          "ratio_sale": null
        },
        {
          "name": "Bambi",
          "shop": null,
          "product": null,
          "brand": null,
          "ratio_revenue": 0.001228881498208711,
          "ratio_sale": null
        },
        {
          "name": "heebee vietnam",
          "shop": null,
          "product": null,
          "brand": null,
          "ratio_revenue": 0.00099696476433624,
          "ratio_sale": null
        },
        {
          "name": "julyhouse",
          "shop": null,
          "product": null,
          "brand": null,
          "ratio_revenue": 0.000899140253252519,
          "ratio_sale": null
        },
        {
          "name": "BECO BEAUTY VIETNAM",
          "shop": null,
          "product": null,
          "brand": null,
          "ratio_revenue": 0.0005007923097963319,
          "ratio_sale": null
        },
        {
          "name": "Mẹ Ken",
          "shop": null,
          "product": null,
          "brand": null,
          "ratio_revenue": 0.0004204068283345591,
          "ratio_sale": null
        },
        {
          "name": "quê một cục",
          "shop": null,
          "product": null,
          "brand": null,
          "ratio_revenue": 0.00036791418496897015,
          "ratio_sale": null
        },
        {
          "name": "cửu long",
          "shop": null,
          "product": null,
          "brand": null,
          "ratio_revenue": 0.000295818571779324,
          "ratio_sale": null
        },
        {
          "name": "BAU KRYSIE",
          "shop": null,
          "product": null,
          "brand": null,
          "ratio_revenue": 0.0002737264239431058,
          "ratio_sale": null
        },
        {
          "name": "CCFL",
          "shop": null,
          "product": null,
          "brand": null,
          "ratio_revenue": 0.00025916879804458896,
          "ratio_sale": null
        },
        {
          "name": "htx sinh dược",
          "shop": null,
          "product": null,
          "brand": null,
          "ratio_revenue": 0.00021851915362884226,
          "ratio_sale": null
        },
        {
          "name": "dr.ánh",
          "shop": null,
          "product": null,
          "brand": null,
          "ratio_revenue": 0.00021020341416727955,
          "ratio_sale": null
        },
        {
          "name": "HOGI HCN- Mang đến vẻ đẹp từ thiên nhiên",
          "shop": null,
          "product": null,
          "brand": null,
          "ratio_revenue": 0.00018433222473130667,
          "ratio_sale": null
        },
        {
          "name": "suziko",
          "shop": null,
          "product": null,
          "brand": null,
          "ratio_revenue": 0.00017093464448767788,
          "ratio_sale": null
        },
        {
          "name": "M&M",
          "shop": null,
          "product": null,
          "brand": null,
          "ratio_revenue": 0.00015291720898762533,
          "ratio_sale": null
        },
        {
          "name": "OEM",
          "shop": null,
          "product": null,
          "brand": null,
          "ratio_revenue": 0.00013813367216706943,
          "ratio_sale": null
        },
        {
          "name": "Julyhouse",
          "shop": null,
          "product": null,
          "brand": null,
          "ratio_revenue": 0.0001348997734875728,
          "ratio_sale": null
        },
        {
          "name": "sam natural",
          "shop": null,
          "product": null,
          "brand": null,
          "ratio_revenue": 0.0001335138169106457,
          "ratio_sale": null
        },
        {
          "name": "One4One",
          "shop": null,
          "product": null,
          "brand": null,
          "ratio_revenue": 0.0001298179327055067,
          "ratio_sale": null
        },
        {
          "name": "boboon",
          "shop": null,
          "product": null,
          "brand": null,
          "ratio_revenue": 7.860036939069071e-05,
          "ratio_sale": null
        },
        {
          "name": "pháp cosmetic",
          "shop": null,
          "product": null,
          "brand": null,
          "ratio_revenue": 5.9494957977750386e-05,
          "ratio_sale": null
        },
        {
          "name": "mẹ tấm",
          "shop": null,
          "product": null,
          "brand": null,
          "ratio_revenue": 4.218436033193069e-05,
          "ratio_sale": null
        },
        {
          "name": "Cô Ba",
          "shop": null,
          "product": null,
          "brand": null,
          "ratio_revenue": 3.9730755205244045e-05,
          "ratio_sale": null
        },
        {
          "name": "THE NICE BODY",
          "shop": null,
          "product": null,
          "brand": null,
          "ratio_revenue": 3.233898679496608e-05,
          "ratio_sale": null
        },
        {
          "name": "Ngọc Ân",
          "shop": null,
          "product": null,
          "brand": null,
          "ratio_revenue": 3.002905916675422e-05,
          "ratio_sale": null
        },
        {
          "name": "NHÀ QUÊ",
          "shop": null,
          "product": null,
          "brand": null,
          "ratio_revenue": 2.633317496161524e-05,
          "ratio_sale": null
        },
        {
          "name": "Phương Anh",
          "shop": null,
          "product": null,
          "brand": null,
          "ratio_revenue": 2.2868283519297444e-05,
          "ratio_sale": null
        },
        {
          "name": "cocenviet",
          "shop": null,
          "product": null,
          "brand": null,
          "ratio_revenue": 2.0789348653906768e-05,
          "ratio_sale": null
        },
        {
          "name": "MEE NATURAL",
          "shop": null,
          "product": null,
          "brand": null,
          "ratio_revenue": 1.2011623666701688e-05,
          "ratio_sale": null
        },
        {
          "name": "Dầu Dừa Huệ Lan",
          "shop": null,
          "product": null,
          "brand": null,
          "ratio_revenue": 1.1549638141059315e-05,
          "ratio_sale": null
        },
        {
          "name": "Milaganics",
          "shop": null,
          "product": null,
          "brand": null,
          "ratio_revenue": 8.823923539769318e-06,
          "ratio_sale": null
        }
      ]
    },
    "by_shop": {
      "ratio": {
        "mall": {
          "name": null,
          "platform_id": null,
          "shop_base_id": null,
          "url_image": null,
          "url_shop": null,
          "official_type": null,
          "shop": 30,
          "product": null,
          "sale": 39338,
          "ratio_revenue": 491.37102586759534
        },
        "normal": {
          "name": null,
          "platform_id": null,
          "shop_base_id": null,
          "url_image": null,
          "url_shop": null,
          "official_type": null,
          "shop": 242,
          "product": null,
          "sale": 50933,
          "ratio_revenue": 443.0380047617397
        }
      },
      "lst_top_shop": [
        {
          "name": "Tiki Trading ",
          "platform_id": 3,
          "shop_base_id": "3__1",
          "url_image": "https://salt.tikicdn.com/cache/w220/ts/seller/d1/3f/ae/13ce3d83ab6b6c5e77e6377ad61dc4a5.jpg",
          "url_shop": null,
          "official_type": 1,
          "shop": null,
          "product": null,
          "sale": null,
          "ratio_revenue": 0.14903113620753214
        },
        {
          "name": "Vietcoco - Tinh Hoa Dừa Việt",
          "platform_id": 1,
          "shop_base_id": "1__60414205",
          "url_image": "https://cf.shopee.vn/file/c0630e3fdadefc8ac21f52fafe67c617",
          "url_shop": null,
          "official_type": 1,
          "shop": null,
          "product": null,
          "sale": null,
          "ratio_revenue": 0.13006268983115785
        },
        {
          "name": "eherbvnofficialstore",
          "platform_id": 1,
          "shop_base_id": "1__831509831",
          "url_image": "https://cf.shopee.vn/file/e0eece95ff8967189f37561e906b4d3c",
          "url_shop": null,
          "official_type": 1,
          "shop": null,
          "product": null,
          "sale": null,
          "ratio_revenue": 0.11580809905254243
        },
        {
          "name": "Hasaki Official Store",
          "platform_id": 1,
          "shop_base_id": "1__18644537",
          "url_image": "https://cf.shopee.vn/file/vn-11134216-7r98o-lsjhr50idih091",
          "url_shop": null,
          "official_type": 0,
          "shop": null,
          "product": null,
          "sale": null,
          "ratio_revenue": 0.09455858396516009
        },
        {
          "name": "eHerb Việt Nam",
          "platform_id": 1,
          "shop_base_id": "1__341325550",
          "url_image": "https://cf.shopee.vn/file/8edef0c666937b05157bba2b6a1483f0",
          "url_shop": null,
          "official_type": 0,
          "shop": null,
          "product": null,
          "sale": null,
          "ratio_revenue": 0.05226010670299271
        },
        {
          "name": "VIETCOCO TINH HOA DỪA VIỆT",
          "platform_id": 8,
          "shop_base_id": "8__7494603124043450583",
          "url_image": "https://p16-oec-va.ibyteimg.com/tos-maliva-i-o3syd03w52-us/0976385d11334aafbb22e1b51b591477~tplv-o3syd03w52-resize-webp:300:300.webp?from=2422056039",
          "url_shop": null,
          "official_type": null,
          "shop": null,
          "product": null,
          "sale": null,
          "ratio_revenue": 0.038730139667417195
        },
        {
          "name": "Vitabox",
          "platform_id": 1,
          "shop_base_id": "1__59856611",
          "url_image": "https://cf.shopee.vn/file/dcac6b97356cd0b79e1c21b7b1d6480f",
          "url_shop": null,
          "official_type": 0,
          "shop": null,
          "product": null,
          "sale": null,
          "ratio_revenue": 0.03397739938477863
        },
        {
          "name": "Purevess",
          "platform_id": 2,
          "shop_base_id": "2__1000217609",
          "url_image": "https://vn-test-11.slatic.net/shop/181a8affaf6dadae389291a1f190f2ec.jpeg",
          "url_shop": null,
          "official_type": 1,
          "shop": null,
          "product": null,
          "sale": null,
          "ratio_revenue": 0.030163344854172377
        },
        {
          "name": "huyentrangshop1003",
          "platform_id": 1,
          "shop_base_id": "1__5185714",
          "url_image": "https://cf.shopee.vn/file/294e896f14e6bcddf4f3ee23bd863dae",
          "url_shop": null,
          "official_type": 0,
          "shop": null,
          "product": null,
          "sale": null,
          "ratio_revenue": 0.027065939573721092
        },
        {
          "name": "Tinh dầu thiên nhiên Purevess",
          "platform_id": 1,
          "shop_base_id": "1__108223372",
          "url_image": "https://cf.shopee.vn/file/vn-11134216-7r98o-ls3t4jx69oyh34",
          "url_shop": null,
          "official_type": 1,
          "shop": null,
          "product": null,
          "sale": null,
          "ratio_revenue": 0.024356360929195284
        },
        {
          "name": "HEALTHY HAIR VN",
          "platform_id": 1,
          "shop_base_id": "1__1021885537",
          "url_image": "https://cf.shopee.vn/file/538ed9684ff271b95e7c84f495a6b42a",
          "url_shop": null,
          "official_type": 0,
          "shop": null,
          "product": null,
          "sale": null,
          "ratio_revenue": 0.023894822373735972
        },
        {
          "name": "eHerb",
          "platform_id": 2,
          "shop_base_id": "2__200185773931",
          "url_image": null,
          "url_shop": null,
          "official_type": 1,
          "shop": null,
          "product": null,
          "sale": null,
          "ratio_revenue": 0.02277148383961196
        },
        {
          "name": "Hizuki Vietnam",
          "platform_id": 2,
          "shop_base_id": "2__200167164204",
          "url_image": null,
          "url_shop": null,
          "official_type": null,
          "shop": null,
          "product": null,
          "sale": null,
          "ratio_revenue": 0.021733843186707104
        },
        {
          "name": "Ling Organic",
          "platform_id": 1,
          "shop_base_id": "1__16498542",
          "url_image": "https://cf.shopee.vn/file/89553d9b6b645c4db05439fe6de6a015",
          "url_shop": null,
          "official_type": 0,
          "shop": null,
          "product": null,
          "sale": null,
          "ratio_revenue": 0.01856910590946868
        },
        {
          "name": "Mỹ Phẩm Dr.Ánh",
          "platform_id": 8,
          "shop_base_id": "8__7494627753276574162",
          "url_image": "https://p16-oec-va.ibyteimg.com/tos-maliva-i-o3syd03w52-us/0f29def11d6d4561b708360201b485a4~tplv-o3syd03w52-resize-webp:300:300.webp?from=2422056039",
          "url_shop": null,
          "official_type": null,
          "shop": null,
          "product": null,
          "sale": null,
          "ratio_revenue": 0.017463511278891147
        },
        {
          "name": "Mịn Màng Việt Nam ",
          "platform_id": 1,
          "shop_base_id": "1__776145810",
          "url_image": "https://cf.shopee.vn/file/751803ec9ce217c766ab10d64004ab9e",
          "url_shop": null,
          "official_type": 0,
          "shop": null,
          "product": null,
          "sale": null,
          "ratio_revenue": 0.01624745448523597
        },
        {
          "name": "Bạch Hương Vân Thảo",
          "platform_id": 2,
          "shop_base_id": "2__200167083141",
          "url_image": null,
          "url_shop": null,
          "official_type": null,
          "shop": null,
          "product": null,
          "sale": null,
          "ratio_revenue": 0.013540501297979476
        },
        {
          "name": "Watsons Vietnam Official Store",
          "platform_id": 1,
          "shop_base_id": "1__193849872",
          "url_image": "https://cf.shopee.vn/file/vn-11134216-7qukw-ljw6yfq17f9e93",
          "url_shop": null,
          "official_type": 1,
          "shop": null,
          "product": null,
          "sale": null,
          "ratio_revenue": 0.011575823794458963
        },
        {
          "name": "TheNaturfarm.Official",
          "platform_id": 1,
          "shop_base_id": "1__48431454",
          "url_image": "https://cf.shopee.vn/file/vn-11134233-7r98o-lw5zj1gmjtgbc1",
          "url_shop": null,
          "official_type": 0,
          "shop": null,
          "product": null,
          "sale": null,
          "ratio_revenue": 0.01117775602771519
        },
        {
          "name": "Kokomori Store",
          "platform_id": 8,
          "shop_base_id": "8__7494763746036124498",
          "url_image": "https://p16-oec-va.ibyteimg.com/tos-maliva-i-o3syd03w52-us/2f3a6209182c4b73a09c28f7fc30a8a7~tplv-o3syd03w52-resize-webp:300:300.webp?from=2422056039",
          "url_shop": null,
          "official_type": null,
          "shop": null,
          "product": null,
          "sale": null,
          "ratio_revenue": 0.011047915978302665
        },
        {
          "name": "Thanh Chân Cosmetics",
          "platform_id": 1,
          "shop_base_id": "1__433229",
          "url_image": "https://cf.shopee.vn/file/2f2b41d4555b54e952560d45336cfa0d",
          "url_shop": null,
          "official_type": 1,
          "shop": null,
          "product": null,
          "sale": null,
          "ratio_revenue": 0.010719419750082407
        },
        {
          "name": "cheapnho",
          "platform_id": 1,
          "shop_base_id": "1__22199117",
          "url_image": "https://cf.shopee.vn/file/97c1f5ba11292b35d2441827bf6996fb",
          "url_shop": null,
          "official_type": 0,
          "shop": null,
          "product": null,
          "sale": null,
          "ratio_revenue": 0.008290574128348873
        },
        {
          "name": "Egome Official Store",
          "platform_id": 1,
          "shop_base_id": "1__986722461",
          "url_image": "https://cf.shopee.vn/file/sg-11134004-7qveo-lfnlcwiuoqdqeb",
          "url_shop": null,
          "official_type": 1,
          "shop": null,
          "product": null,
          "sale": null,
          "ratio_revenue": 0.008263174125510095
        },
        {
          "name": "FLORA",
          "platform_id": 3,
          "shop_base_id": "3__1174",
          "url_image": "https://salt.tikicdn.com/cache/w220/ts/seller/38/d4/7d/2f54bce3965f158d55d01241d5c92eee.png",
          "url_shop": null,
          "official_type": 0,
          "shop": null,
          "product": null,
          "sale": null,
          "ratio_revenue": 0.006180396205198795
        },
        {
          "name": "shopsautho",
          "platform_id": 1,
          "shop_base_id": "1__19913964",
          "url_image": "https://cf.shopee.vn/file/ba3b2b36e560828b24d45dae6e626dc8",
          "url_shop": null,
          "official_type": 0,
          "shop": null,
          "product": null,
          "sale": null,
          "ratio_revenue": 0.006052017708230171
        },
        {
          "name": "eHerb Viet Nam",
          "platform_id": 8,
          "shop_base_id": "8__7494529979361168222",
          "url_image": "https://p16-oec-va.ibyteimg.com/tos-maliva-i-o3syd03w52-us/d07512594a074e3db59ac654e9175628~tplv-o3syd03w52-resize-webp:300:300.webp?from=2422056039",
          "url_shop": null,
          "official_type": null,
          "shop": null,
          "product": null,
          "sale": null,
          "ratio_revenue": 0.005981388596927024
        },
        {
          "name": "Yến Vy Bến Tre Shop",
          "platform_id": 2,
          "shop_base_id": "2__200483536990",
          "url_image": null,
          "url_shop": null,
          "official_type": null,
          "shop": null,
          "product": null,
          "sale": null,
          "ratio_revenue": 0.005978201098844311
        },
        {
          "name": "SaLeMyPham89",
          "platform_id": 1,
          "shop_base_id": "1__28228365",
          "url_image": "https://cf.shopee.vn/file/db22f4fce6a9fc0afd2f1e924d91d498",
          "url_shop": null,
          "official_type": 0,
          "shop": null,
          "product": null,
          "sale": null,
          "ratio_revenue": 0.005905287696024907
        },
        {
          "name": "Fresh food & Cosmetics",
          "platform_id": 2,
          "shop_base_id": "2__200168793186",
          "url_image": null,
          "url_shop": null,
          "official_type": null,
          "shop": null,
          "product": null,
          "sale": null,
          "ratio_revenue": 0.005603884380410832
        },
        {
          "name": "Shop Thải Độc Cà Phê",
          "platform_id": 1,
          "shop_base_id": "1__59892367",
          "url_image": "https://cf.shopee.vn/file/vn-11134216-7r98o-lmfvnkccjcnzef",
          "url_shop": null,
          "official_type": 0,
          "shop": null,
          "product": null,
          "sale": null,
          "ratio_revenue": 0.00532358161238294
        },
        {
          "name": "Eherb Việt Nam ",
          "platform_id": 3,
          "shop_base_id": "3__149235",
          "url_image": "https://salt.tikicdn.com/cache/w220/ts/seller/e2/70/28/2a49edfebb090c9f5302ef03409c9fb7.jpg",
          "url_shop": null,
          "official_type": 0,
          "shop": null,
          "product": null,
          "sale": null,
          "ratio_revenue": 0.00523367150417658
        },
        {
          "name": "NHÀ HỮU CƠ",
          "platform_id": 1,
          "shop_base_id": "1__160068057",
          "url_image": "https://cf.shopee.vn/file/878ef06660b1eaeb8ab37014eb0104a9",
          "url_shop": null,
          "official_type": 0,
          "shop": null,
          "product": null,
          "sale": null,
          "ratio_revenue": 0.004921654690309762
        },
        {
          "name": "Gia dụng KaiBe",
          "platform_id": 1,
          "shop_base_id": "1__1210109967",
          "url_image": "https://cf.shopee.vn/file/vn-11134216-7r98o-lt22kw594eqhf8",
          "url_shop": null,
          "official_type": 0,
          "shop": null,
          "product": null,
          "sale": null,
          "ratio_revenue": 0.004589110454478022
        },
        {
          "name": "krysiebeaute_q5q8",
          "platform_id": 1,
          "shop_base_id": "1__341693711",
          "url_image": "https://cf.shopee.vn/file/d4174f93d45a6e997a5cc9b4a54ca772",
          "url_shop": null,
          "official_type": 0,
          "shop": null,
          "product": null,
          "sale": null,
          "ratio_revenue": 0.004248355249860312
        },
        {
          "name": "Guardian HCM Official Store",
          "platform_id": 1,
          "shop_base_id": "1__152872415",
          "url_image": "https://cf.shopee.vn/file/vn-11134216-7r98o-ls6v9rmkadvo19",
          "url_shop": null,
          "official_type": 1,
          "shop": null,
          "product": null,
          "sale": null,
          "ratio_revenue": 0.003953170922004729
        },
        {
          "name": "Talia's Shop",
          "platform_id": 1,
          "shop_base_id": "1__10594784",
          "url_image": "https://cf.shopee.vn/file/b0e65c1506246103d3e80242843f6a49",
          "url_shop": null,
          "official_type": 0,
          "shop": null,
          "product": null,
          "sale": null,
          "ratio_revenue": 0.0038768561253657383
        },
        {
          "name": "mimi_house_handmadecosmetics",
          "platform_id": 1,
          "shop_base_id": "1__19811952",
          "url_image": "https://cf.shopee.vn/file/c6b1180a4b4e86f0379974bf45b42e52",
          "url_shop": null,
          "official_type": 0,
          "shop": null,
          "product": null,
          "sale": null,
          "ratio_revenue": 0.003865190391463073
        },
        {
          "name": "Milaganics Official Store",
          "platform_id": 3,
          "shop_base_id": "3__132661",
          "url_image": "https://salt.tikicdn.com/cache/w220/ts/seller/a2/51/5f/bc31b39b0a903544b385d7680b8fd711.png",
          "url_shop": null,
          "official_type": 1,
          "shop": null,
          "product": null,
          "sale": null,
          "ratio_revenue": 0.0037031469224719765
        },
        {
          "name": "TỔNG KHO MỸ PHẨM 123",
          "platform_id": 1,
          "shop_base_id": "1__146089653",
          "url_image": "https://cf.shopee.vn/file/194a5dbd436736042d437647a6b771d6",
          "url_shop": null,
          "official_type": 0,
          "shop": null,
          "product": null,
          "sale": null,
          "ratio_revenue": 0.003153008318876106
        },
        {
          "name": "sense plus",
          "platform_id": 1,
          "shop_base_id": "1__71334006",
          "url_image": "https://cf.shopee.vn/file/7634c25f938b62d75e687557f0e9f590",
          "url_shop": null,
          "official_type": 0,
          "shop": null,
          "product": null,
          "sale": null,
          "ratio_revenue": 0.003089377005720801
        },
        {
          "name": "CHAI LỌ HŨ NHỰA CHIẾT MỸ PHẨM",
          "platform_id": 1,
          "shop_base_id": "1__32140158",
          "url_image": "https://cf.shopee.vn/file/34bc408d8e94c3ebc964d8f5f90ecf3e",
          "url_shop": null,
          "official_type": 0,
          "shop": null,
          "product": null,
          "sale": null,
          "ratio_revenue": 0.0030043934787860227
        },
        {
          "name": "Guardian Hà Nội Official Store",
          "platform_id": 1,
          "shop_base_id": "1__412741369",
          "url_image": "https://cf.shopee.vn/file/vn-11134216-7r98o-ls6va41k49eh77",
          "url_shop": null,
          "official_type": 1,
          "shop": null,
          "product": null,
          "sale": null,
          "ratio_revenue": 0.0029502010847986277
        },
        {
          "name": "kho hàng Anna",
          "platform_id": 1,
          "shop_base_id": "1__252481472",
          "url_image": "https://cf.shopee.vn/file/66332cbe52fb616804d8fe2b617c5692",
          "url_shop": null,
          "official_type": 0,
          "shop": null,
          "product": null,
          "sale": null,
          "ratio_revenue": 0.00280437427915982
        },
        {
          "name": "Home.Spa",
          "platform_id": 1,
          "shop_base_id": "1__308984129",
          "url_image": "https://cf.shopee.vn/file/vn-11134216-7r98o-ltfgbwso5xqlfa",
          "url_shop": null,
          "official_type": 0,
          "shop": null,
          "product": null,
          "sale": null,
          "ratio_revenue": 0.002497858814379601
        },
        {
          "name": "Mịn Màng Việt Nam",
          "platform_id": 8,
          "shop_base_id": "8__7494648176140978897",
          "url_image": "https://p16-oec-va.ibyteimg.com/tos-maliva-i-o3syd03w52-us/6e5ed2ec8f9e46d7b25e24668a321a45~tplv-o3syd03w52-resize-webp:300:300.webp?from=2422056039",
          "url_shop": null,
          "official_type": null,
          "shop": null,
          "product": null,
          "sale": null,
          "ratio_revenue": 0.002330394874344447
        },
        {
          "name": "Mỹ Phẩm & Mẹ Bé Chính Hãng",
          "platform_id": 1,
          "shop_base_id": "1__398315087",
          "url_image": "https://cf.shopee.vn/file/552016a92415ca29a897971044dfc940",
          "url_shop": null,
          "official_type": 0,
          "shop": null,
          "product": null,
          "sale": null,
          "ratio_revenue": 0.002038003507521412
        },
        {
          "name": "truongangroup",
          "platform_id": 1,
          "shop_base_id": "1__238493362",
          "url_image": "https://cf.shopee.vn/file/vn-11134233-7r98o-lvrqq9utzss92c",
          "url_shop": null,
          "official_type": 0,
          "shop": null,
          "product": null,
          "sale": null,
          "ratio_revenue": 0.0019800751227364017
        },
        {
          "name": "Ling Organic",
          "platform_id": 2,
          "shop_base_id": "2__200159382003",
          "url_image": null,
          "url_shop": null,
          "official_type": null,
          "shop": null,
          "product": null,
          "sale": null,
          "ratio_revenue": 0.0019480523444711229
        },
        {
          "name": "sunstore17",
          "platform_id": 2,
          "shop_base_id": "2__200169726359",
          "url_image": null,
          "url_shop": null,
          "official_type": null,
          "shop": null,
          "product": null,
          "sale": null,
          "ratio_revenue": 0.001902296720911311
        }
      ],
      "lst_shop": [
        {
          "name": "Tiki Trading ",
          "platform_id": 3,
          "shop_base_id": "3__1",
          "url_image": "https://salt.tikicdn.com/cache/w220/ts/seller/d1/3f/ae/13ce3d83ab6b6c5e77e6377ad61dc4a5.jpg",
          "url_shop": null,
          "official_type": 1,
          "shop": null,
          "product": null,
          "sale": null,
          "ratio_revenue": 0.14903113620753214
        },
        {
          "name": "Vietcoco - Tinh Hoa Dừa Việt",
          "platform_id": 1,
          "shop_base_id": "1__60414205",
          "url_image": "https://cf.shopee.vn/file/c0630e3fdadefc8ac21f52fafe67c617",
          "url_shop": null,
          "official_type": 1,
          "shop": null,
          "product": null,
          "sale": null,
          "ratio_revenue": 0.13006268983115785
        },
        {
          "name": "eherbvnofficialstore",
          "platform_id": 1,
          "shop_base_id": "1__831509831",
          "url_image": "https://cf.shopee.vn/file/e0eece95ff8967189f37561e906b4d3c",
          "url_shop": null,
          "official_type": 1,
          "shop": null,
          "product": null,
          "sale": null,
          "ratio_revenue": 0.11580809905254243
        },
        {
          "name": "Hasaki Official Store",
          "platform_id": 1,
          "shop_base_id": "1__18644537",
          "url_image": "https://cf.shopee.vn/file/vn-11134216-7r98o-lsjhr50idih091",
          "url_shop": null,
          "official_type": 0,
          "shop": null,
          "product": null,
          "sale": null,
          "ratio_revenue": 0.09455858396516009
        },
        {
          "name": "eHerb Việt Nam",
          "platform_id": 1,
          "shop_base_id": "1__341325550",
          "url_image": "https://cf.shopee.vn/file/8edef0c666937b05157bba2b6a1483f0",
          "url_shop": null,
          "official_type": 0,
          "shop": null,
          "product": null,
          "sale": null,
          "ratio_revenue": 0.05226010670299271
        },
        {
          "name": "VIETCOCO TINH HOA DỪA VIỆT",
          "platform_id": 8,
          "shop_base_id": "8__7494603124043450583",
          "url_image": "https://p16-oec-va.ibyteimg.com/tos-maliva-i-o3syd03w52-us/0976385d11334aafbb22e1b51b591477~tplv-o3syd03w52-resize-webp:300:300.webp?from=2422056039",
          "url_shop": null,
          "official_type": null,
          "shop": null,
          "product": null,
          "sale": null,
          "ratio_revenue": 0.038730139667417195
        },
        {
          "name": "Vitabox",
          "platform_id": 1,
          "shop_base_id": "1__59856611",
          "url_image": "https://cf.shopee.vn/file/dcac6b97356cd0b79e1c21b7b1d6480f",
          "url_shop": null,
          "official_type": 0,
          "shop": null,
          "product": null,
          "sale": null,
          "ratio_revenue": 0.03397739938477863
        },
        {
          "name": "Purevess",
          "platform_id": 2,
          "shop_base_id": "2__1000217609",
          "url_image": "https://vn-test-11.slatic.net/shop/181a8affaf6dadae389291a1f190f2ec.jpeg",
          "url_shop": null,
          "official_type": 1,
          "shop": null,
          "product": null,
          "sale": null,
          "ratio_revenue": 0.030163344854172377
        },
        {
          "name": "huyentrangshop1003",
          "platform_id": 1,
          "shop_base_id": "1__5185714",
          "url_image": "https://cf.shopee.vn/file/294e896f14e6bcddf4f3ee23bd863dae",
          "url_shop": null,
          "official_type": 0,
          "shop": null,
          "product": null,
          "sale": null,
          "ratio_revenue": 0.027065939573721092
        },
        {
          "name": "Tinh dầu thiên nhiên Purevess",
          "platform_id": 1,
          "shop_base_id": "1__108223372",
          "url_image": "https://cf.shopee.vn/file/vn-11134216-7r98o-ls3t4jx69oyh34",
          "url_shop": null,
          "official_type": 1,
          "shop": null,
          "product": null,
          "sale": null,
          "ratio_revenue": 0.024356360929195284
        },
        {
          "name": "HEALTHY HAIR VN",
          "platform_id": 1,
          "shop_base_id": "1__1021885537",
          "url_image": "https://cf.shopee.vn/file/538ed9684ff271b95e7c84f495a6b42a",
          "url_shop": null,
          "official_type": 0,
          "shop": null,
          "product": null,
          "sale": null,
          "ratio_revenue": 0.023894822373735972
        },
        {
          "name": "eHerb",
          "platform_id": 2,
          "shop_base_id": "2__200185773931",
          "url_image": null,
          "url_shop": null,
          "official_type": 1,
          "shop": null,
          "product": null,
          "sale": null,
          "ratio_revenue": 0.02277148383961196
        },
        {
          "name": "Hizuki Vietnam",
          "platform_id": 2,
          "shop_base_id": "2__200167164204",
          "url_image": null,
          "url_shop": null,
          "official_type": null,
          "shop": null,
          "product": null,
          "sale": null,
          "ratio_revenue": 0.021733843186707104
        },
        {
          "name": "Ling Organic",
          "platform_id": 1,
          "shop_base_id": "1__16498542",
          "url_image": "https://cf.shopee.vn/file/89553d9b6b645c4db05439fe6de6a015",
          "url_shop": null,
          "official_type": 0,
          "shop": null,
          "product": null,
          "sale": null,
          "ratio_revenue": 0.01856910590946868
        },
        {
          "name": "Mỹ Phẩm Dr.Ánh",
          "platform_id": 8,
          "shop_base_id": "8__7494627753276574162",
          "url_image": "https://p16-oec-va.ibyteimg.com/tos-maliva-i-o3syd03w52-us/0f29def11d6d4561b708360201b485a4~tplv-o3syd03w52-resize-webp:300:300.webp?from=2422056039",
          "url_shop": null,
          "official_type": null,
          "shop": null,
          "product": null,
          "sale": null,
          "ratio_revenue": 0.017463511278891147
        },
        {
          "name": "Mịn Màng Việt Nam ",
          "platform_id": 1,
          "shop_base_id": "1__776145810",
          "url_image": "https://cf.shopee.vn/file/751803ec9ce217c766ab10d64004ab9e",
          "url_shop": null,
          "official_type": 0,
          "shop": null,
          "product": null,
          "sale": null,
          "ratio_revenue": 0.01624745448523597
        },
        {
          "name": "Bạch Hương Vân Thảo",
          "platform_id": 2,
          "shop_base_id": "2__200167083141",
          "url_image": null,
          "url_shop": null,
          "official_type": null,
          "shop": null,
          "product": null,
          "sale": null,
          "ratio_revenue": 0.013540501297979476
        },
        {
          "name": "Watsons Vietnam Official Store",
          "platform_id": 1,
          "shop_base_id": "1__193849872",
          "url_image": "https://cf.shopee.vn/file/vn-11134216-7qukw-ljw6yfq17f9e93",
          "url_shop": null,
          "official_type": 1,
          "shop": null,
          "product": null,
          "sale": null,
          "ratio_revenue": 0.011575823794458963
        },
        {
          "name": "TheNaturfarm.Official",
          "platform_id": 1,
          "shop_base_id": "1__48431454",
          "url_image": "https://cf.shopee.vn/file/vn-11134233-7r98o-lw5zj1gmjtgbc1",
          "url_shop": null,
          "official_type": 0,
          "shop": null,
          "product": null,
          "sale": null,
          "ratio_revenue": 0.01117775602771519
        },
        {
          "name": "Kokomori Store",
          "platform_id": 8,
          "shop_base_id": "8__7494763746036124498",
          "url_image": "https://p16-oec-va.ibyteimg.com/tos-maliva-i-o3syd03w52-us/2f3a6209182c4b73a09c28f7fc30a8a7~tplv-o3syd03w52-resize-webp:300:300.webp?from=2422056039",
          "url_shop": null,
          "official_type": null,
          "shop": null,
          "product": null,
          "sale": null,
          "ratio_revenue": 0.011047915978302665
        },
        {
          "name": "Thanh Chân Cosmetics",
          "platform_id": 1,
          "shop_base_id": "1__433229",
          "url_image": "https://cf.shopee.vn/file/2f2b41d4555b54e952560d45336cfa0d",
          "url_shop": null,
          "official_type": 1,
          "shop": null,
          "product": null,
          "sale": null,
          "ratio_revenue": 0.010719419750082407
        },
        {
          "name": "cheapnho",
          "platform_id": 1,
          "shop_base_id": "1__22199117",
          "url_image": "https://cf.shopee.vn/file/97c1f5ba11292b35d2441827bf6996fb",
          "url_shop": null,
          "official_type": 0,
          "shop": null,
          "product": null,
          "sale": null,
          "ratio_revenue": 0.008290574128348873
        },
        {
          "name": "Egome Official Store",
          "platform_id": 1,
          "shop_base_id": "1__986722461",
          "url_image": "https://cf.shopee.vn/file/sg-11134004-7qveo-lfnlcwiuoqdqeb",
          "url_shop": null,
          "official_type": 1,
          "shop": null,
          "product": null,
          "sale": null,
          "ratio_revenue": 0.008263174125510095
        },
        {
          "name": "FLORA",
          "platform_id": 3,
          "shop_base_id": "3__1174",
          "url_image": "https://salt.tikicdn.com/cache/w220/ts/seller/38/d4/7d/2f54bce3965f158d55d01241d5c92eee.png",
          "url_shop": null,
          "official_type": 0,
          "shop": null,
          "product": null,
          "sale": null,
          "ratio_revenue": 0.006180396205198795
        },
        {
          "name": "shopsautho",
          "platform_id": 1,
          "shop_base_id": "1__19913964",
          "url_image": "https://cf.shopee.vn/file/ba3b2b36e560828b24d45dae6e626dc8",
          "url_shop": null,
          "official_type": 0,
          "shop": null,
          "product": null,
          "sale": null,
          "ratio_revenue": 0.006052017708230171
        },
        {
          "name": "eHerb Viet Nam",
          "platform_id": 8,
          "shop_base_id": "8__7494529979361168222",
          "url_image": "https://p16-oec-va.ibyteimg.com/tos-maliva-i-o3syd03w52-us/d07512594a074e3db59ac654e9175628~tplv-o3syd03w52-resize-webp:300:300.webp?from=2422056039",
          "url_shop": null,
          "official_type": null,
          "shop": null,
          "product": null,
          "sale": null,
          "ratio_revenue": 0.005981388596927024
        },
        {
          "name": "Yến Vy Bến Tre Shop",
          "platform_id": 2,
          "shop_base_id": "2__200483536990",
          "url_image": null,
          "url_shop": null,
          "official_type": null,
          "shop": null,
          "product": null,
          "sale": null,
          "ratio_revenue": 0.005978201098844311
        },
        {
          "name": "SaLeMyPham89",
          "platform_id": 1,
          "shop_base_id": "1__28228365",
          "url_image": "https://cf.shopee.vn/file/db22f4fce6a9fc0afd2f1e924d91d498",
          "url_shop": null,
          "official_type": 0,
          "shop": null,
          "product": null,
          "sale": null,
          "ratio_revenue": 0.005905287696024907
        },
        {
          "name": "Fresh food & Cosmetics",
          "platform_id": 2,
          "shop_base_id": "2__200168793186",
          "url_image": null,
          "url_shop": null,
          "official_type": null,
          "shop": null,
          "product": null,
          "sale": null,
          "ratio_revenue": 0.005603884380410832
        },
        {
          "name": "Shop Thải Độc Cà Phê",
          "platform_id": 1,
          "shop_base_id": "1__59892367",
          "url_image": "https://cf.shopee.vn/file/vn-11134216-7r98o-lmfvnkccjcnzef",
          "url_shop": null,
          "official_type": 0,
          "shop": null,
          "product": null,
          "sale": null,
          "ratio_revenue": 0.00532358161238294
        },
        {
          "name": "Eherb Việt Nam ",
          "platform_id": 3,
          "shop_base_id": "3__149235",
          "url_image": "https://salt.tikicdn.com/cache/w220/ts/seller/e2/70/28/2a49edfebb090c9f5302ef03409c9fb7.jpg",
          "url_shop": null,
          "official_type": 0,
          "shop": null,
          "product": null,
          "sale": null,
          "ratio_revenue": 0.00523367150417658
        },
        {
          "name": "NHÀ HỮU CƠ",
          "platform_id": 1,
          "shop_base_id": "1__160068057",
          "url_image": "https://cf.shopee.vn/file/878ef06660b1eaeb8ab37014eb0104a9",
          "url_shop": null,
          "official_type": 0,
          "shop": null,
          "product": null,
          "sale": null,
          "ratio_revenue": 0.004921654690309762
        },
        {
          "name": "Gia dụng KaiBe",
          "platform_id": 1,
          "shop_base_id": "1__1210109967",
          "url_image": "https://cf.shopee.vn/file/vn-11134216-7r98o-lt22kw594eqhf8",
          "url_shop": null,
          "official_type": 0,
          "shop": null,
          "product": null,
          "sale": null,
          "ratio_revenue": 0.004589110454478022
        },
        {
          "name": "krysiebeaute_q5q8",
          "platform_id": 1,
          "shop_base_id": "1__341693711",
          "url_image": "https://cf.shopee.vn/file/d4174f93d45a6e997a5cc9b4a54ca772",
          "url_shop": null,
          "official_type": 0,
          "shop": null,
          "product": null,
          "sale": null,
          "ratio_revenue": 0.004248355249860312
        },
        {
          "name": "Guardian HCM Official Store",
          "platform_id": 1,
          "shop_base_id": "1__152872415",
          "url_image": "https://cf.shopee.vn/file/vn-11134216-7r98o-ls6v9rmkadvo19",
          "url_shop": null,
          "official_type": 1,
          "shop": null,
          "product": null,
          "sale": null,
          "ratio_revenue": 0.003953170922004729
        },
        {
          "name": "Talia's Shop",
          "platform_id": 1,
          "shop_base_id": "1__10594784",
          "url_image": "https://cf.shopee.vn/file/b0e65c1506246103d3e80242843f6a49",
          "url_shop": null,
          "official_type": 0,
          "shop": null,
          "product": null,
          "sale": null,
          "ratio_revenue": 0.0038768561253657383
        },
        {
          "name": "mimi_house_handmadecosmetics",
          "platform_id": 1,
          "shop_base_id": "1__19811952",
          "url_image": "https://cf.shopee.vn/file/c6b1180a4b4e86f0379974bf45b42e52",
          "url_shop": null,
          "official_type": 0,
          "shop": null,
          "product": null,
          "sale": null,
          "ratio_revenue": 0.003865190391463073
        },
        {
          "name": "Milaganics Official Store",
          "platform_id": 3,
          "shop_base_id": "3__132661",
          "url_image": "https://salt.tikicdn.com/cache/w220/ts/seller/a2/51/5f/bc31b39b0a903544b385d7680b8fd711.png",
          "url_shop": null,
          "official_type": 1,
          "shop": null,
          "product": null,
          "sale": null,
          "ratio_revenue": 0.0037031469224719765
        },
        {
          "name": "TỔNG KHO MỸ PHẨM 123",
          "platform_id": 1,
          "shop_base_id": "1__146089653",
          "url_image": "https://cf.shopee.vn/file/194a5dbd436736042d437647a6b771d6",
          "url_shop": null,
          "official_type": 0,
          "shop": null,
          "product": null,
          "sale": null,
          "ratio_revenue": 0.003153008318876106
        },
        {
          "name": "sense plus",
          "platform_id": 1,
          "shop_base_id": "1__71334006",
          "url_image": "https://cf.shopee.vn/file/7634c25f938b62d75e687557f0e9f590",
          "url_shop": null,
          "official_type": 0,
          "shop": null,
          "product": null,
          "sale": null,
          "ratio_revenue": 0.003089377005720801
        },
        {
          "name": "CHAI LỌ HŨ NHỰA CHIẾT MỸ PHẨM",
          "platform_id": 1,
          "shop_base_id": "1__32140158",
          "url_image": "https://cf.shopee.vn/file/34bc408d8e94c3ebc964d8f5f90ecf3e",
          "url_shop": null,
          "official_type": 0,
          "shop": null,
          "product": null,
          "sale": null,
          "ratio_revenue": 0.0030043934787860227
        },
        {
          "name": "Guardian Hà Nội Official Store",
          "platform_id": 1,
          "shop_base_id": "1__412741369",
          "url_image": "https://cf.shopee.vn/file/vn-11134216-7r98o-ls6va41k49eh77",
          "url_shop": null,
          "official_type": 1,
          "shop": null,
          "product": null,
          "sale": null,
          "ratio_revenue": 0.0029502010847986277
        },
        {
          "name": "kho hàng Anna",
          "platform_id": 1,
          "shop_base_id": "1__252481472",
          "url_image": "https://cf.shopee.vn/file/66332cbe52fb616804d8fe2b617c5692",
          "url_shop": null,
          "official_type": 0,
          "shop": null,
          "product": null,
          "sale": null,
          "ratio_revenue": 0.00280437427915982
        },
        {
          "name": "Home.Spa",
          "platform_id": 1,
          "shop_base_id": "1__308984129",
          "url_image": "https://cf.shopee.vn/file/vn-11134216-7r98o-ltfgbwso5xqlfa",
          "url_shop": null,
          "official_type": 0,
          "shop": null,
          "product": null,
          "sale": null,
          "ratio_revenue": 0.002497858814379601
        },
        {
          "name": "Mịn Màng Việt Nam",
          "platform_id": 8,
          "shop_base_id": "8__7494648176140978897",
          "url_image": "https://p16-oec-va.ibyteimg.com/tos-maliva-i-o3syd03w52-us/6e5ed2ec8f9e46d7b25e24668a321a45~tplv-o3syd03w52-resize-webp:300:300.webp?from=2422056039",
          "url_shop": null,
          "official_type": null,
          "shop": null,
          "product": null,
          "sale": null,
          "ratio_revenue": 0.002330394874344447
        },
        {
          "name": "Mỹ Phẩm & Mẹ Bé Chính Hãng",
          "platform_id": 1,
          "shop_base_id": "1__398315087",
          "url_image": "https://cf.shopee.vn/file/552016a92415ca29a897971044dfc940",
          "url_shop": null,
          "official_type": 0,
          "shop": null,
          "product": null,
          "sale": null,
          "ratio_revenue": 0.002038003507521412
        },
        {
          "name": "truongangroup",
          "platform_id": 1,
          "shop_base_id": "1__238493362",
          "url_image": "https://cf.shopee.vn/file/vn-11134233-7r98o-lvrqq9utzss92c",
          "url_shop": null,
          "official_type": 0,
          "shop": null,
          "product": null,
          "sale": null,
          "ratio_revenue": 0.0019800751227364017
        },
        {
          "name": "Ling Organic",
          "platform_id": 2,
          "shop_base_id": "2__200159382003",
          "url_image": null,
          "url_shop": null,
          "official_type": null,
          "shop": null,
          "product": null,
          "sale": null,
          "ratio_revenue": 0.0019480523444711229
        },
        {
          "name": "sunstore17",
          "platform_id": 2,
          "shop_base_id": "2__200169726359",
          "url_image": null,
          "url_shop": null,
          "official_type": null,
          "shop": null,
          "product": null,
          "sale": null,
          "ratio_revenue": 0.001902296720911311
        }
      ]
    },
    "by_product": {
      "lst_product_revenue_30d": [
        {
          "product_base_id": "8__1729459621858674903",
          "product_name": "Dầu dừa Tinh Khiết Vietcoco dưỡng mi 10ml Cosmetic Nữ",
          "url_thumbnail": "https://p16-oec-va.ibyteimg.com/tos-maliva-i-o3syd03w52-us/4a04a2a585c14668be8cfb88e9c48998~tplv-o3syd03w52-crop-webp:500:500.webp?from=2481794462",
          "official_type": 1,
          "brand": "vietcoco",
          "shop_platform_name": "VIETCOCO TINH HOA DỪA VIỆT",
          "shop_url": "https://short.metric.vn/shop/8__7494603124043450583",
          "revenue": 112407745,
          "price": 25760,
          "rating_avg": 4.800000190734863,
          "order_count": 6072,
          "rating_count": 202,
          "platform_created_at": null,
          "price_updated_at": 1730897659,
          "price_min": 229,
          "price_max": 28000
        },
        {
          "product_base_id": "1__8063171218__60414205",
          "product_name": "Dầu dừa Tinh Khiết Vietcoco dưỡng mi 10ml",
          "url_thumbnail": "https://cf.shopee.vn/file/3744488fbfae1e130affdd4e624f35ed",
          "official_type": 1,
          "brand": "vietcoco",
          "shop_platform_name": "Vietcoco - Tinh Hoa Dừa Việt",
          "shop_url": "https://shopee.vn/shop/60414205",
          "revenue": 456404820,
          "price": 28000,
          "rating_avg": 4.936593532562256,
          "order_count": 17284,
          "rating_count": 4274,
          "platform_created_at": 1622818815,
          "price_updated_at": 1730859759,
          "price_min": 25200,
          "price_max": 28000
        },
        {
          "product_base_id": "1__14682646891__18644537",
          "product_name": "Mascara Dưỡng Mi Milaganics Dầu Dừa Nguyên Chất 5ml Hasaki Sản Phẩm",
          "url_thumbnail": "https://cf.shopee.vn/file/vn-11134201-7r98o-m07ksjxa4rrj3c",
          "official_type": 0,
          "brand": "milaganics",
          "shop_platform_name": "Hasaki Official Store",
          "shop_url": "https://shopee.vn/shop/18644537",
          "revenue": 472379100,
          "price": 26000,
          "rating_avg": 4.926283836364746,
          "order_count": 21477,
          "rating_count": 5901,
          "platform_created_at": 1652175482,
          "price_updated_at": 1726633108,
          "price_min": 26000,
          "price_max": 29000
        },
        {
          "product_base_id": "1__16483018840__831509831",
          "product_name": "Dầu dừa hữu cơ ép lạnh nguyên chất dưỡng mi dưỡng tóc dưỡng môi dưỡng da MILAGANICS 250ml",
          "url_thumbnail": "https://cf.shopee.vn/file/vn-11134207-7r98o-ltxz9bwum1w1f5",
          "official_type": 1,
          "brand": "milaganics",
          "shop_platform_name": "eherbvnofficialstore",
          "shop_url": "https://shopee.vn/shop/831509831",
          "revenue": 109400300,
          "price": 87000,
          "rating_avg": 4.91253662109375,
          "order_count": 2449,
          "rating_count": 686,
          "platform_created_at": 1661246808,
          "price_updated_at": 1726633794,
          "price_min": 50000,
          "price_max": 131000
        },
        {
          "product_base_id": "1__18435692845__831509831",
          "product_name": "Mascara dầu dừa dưỡng mi chuốt mi dầu dừa giúp mi mọc dày & dài hơn MILAGANICS 5ml",
          "url_thumbnail": "https://cf.shopee.vn/file/vn-11134207-7r98o-ltdmjy6ug1axe7",
          "official_type": 1,
          "brand": "milaganics",
          "shop_platform_name": "eherbvnofficialstore",
          "shop_url": "https://shopee.vn/shop/831509831",
          "revenue": 368145250,
          "price": 29000,
          "rating_avg": 4.884638786315918,
          "order_count": 16201,
          "rating_count": 4941,
          "platform_created_at": 1660806201,
          "price_updated_at": 1726633127,
          "price_min": 28000,
          "price_max": 29000
        },
        {
          "product_base_id": "1__6279892611__341325550",
          "product_name": "Mascara Dầu Dừa Dưỡng Mi Dầu Dừa Nguyên Chất Kích Thích Mi Mọc Dày & Dài Hơn MILAGANICS 5ml",
          "url_thumbnail": "https://cf.shopee.vn/file/vn-11134207-7r98o-lvbl3qnugwo4aa",
          "official_type": 0,
          "brand": "milaganics",
          "shop_platform_name": "eHerb Việt Nam",
          "shop_url": "https://shopee.vn/shop/341325550",
          "revenue": 500134990,
          "price": 28000,
          "rating_avg": 4.932026386260986,
          "order_count": 28524,
          "rating_count": 10152,
          "platform_created_at": 1614139736,
          "price_updated_at": 1726633084,
          "price_min": 25200,
          "price_max": 74000
        },
        {
          "product_base_id": "1__4710629009__22199117",
          "product_name": "DẦU DỪA NGUYÊN CHẤT DƯỠNG MI VIETCOCO 10ML",
          "url_thumbnail": "https://cf.shopee.vn/file/vn-11134207-7qukw-lhf0hn7ojav514",
          "official_type": 0,
          "brand": "vietcoco",
          "shop_platform_name": "cheapnho",
          "shop_url": "https://shopee.vn/shop/22199117",
          "revenue": 27095250,
          "price": 25000,
          "rating_avg": 4.824034214019775,
          "order_count": 1007,
          "rating_count": 233,
          "platform_created_at": 1575900772,
          "price_updated_at": 1726701714,
          "price_min": 24000,
          "price_max": 35000
        },
        {
          "product_base_id": "1__15492093281__776145810",
          "product_name": "Tinh Chất Dưỡng Mi Dài Chai Chuốt Mi Serum Dầu Dừa Thiết Kế Đầu Cọ Siêu Mảnh Chống Chảy Vào Mắt",
          "url_thumbnail": "https://cf.shopee.vn/file/vn-11134207-7r98o-lqaedzt2hvzr55",
          "official_type": 1,
          "brand": "M&M\t",
          "shop_platform_name": "Mịn Màng Việt Nam ",
          "shop_url": "https://shopee.vn/shop/776145810",
          "revenue": 102035700,
          "price": 35000,
          "rating_avg": 4.929878234863281,
          "order_count": 3315,
          "rating_count": 984,
          "platform_created_at": 1662009520,
          "price_updated_at": 1726801086,
          "price_min": 29000,
          "price_max": 35000
        },
        {
          "product_base_id": "1__4605972834__108223372",
          "product_name": "Mascara dầu dừa dưỡng mi dài mi từ dầu dừa nguyên chất 8ml Purevess gian",
          "url_thumbnail": "https://cf.shopee.vn/file/afec1a16d33f0e6571a8632ebb41123a",
          "official_type": 0,
          "brand": "purevess",
          "shop_platform_name": "Tinh dầu thiên nhiên Purevess",
          "shop_url": "https://shopee.vn/shop/108223372",
          "revenue": 224470200,
          "price": 49000,
          "rating_avg": 4.949587821960449,
          "order_count": 5763,
          "rating_count": 2063,
          "platform_created_at": 1573209539,
          "price_updated_at": 1726700846,
          "price_min": 49000,
          "price_max": 110000
        },
        {
          "product_base_id": "1__8619621542__59856611",
          "product_name": "Dưỡng mi và lông mày VITABOX giúp mi dài dày tự nhiên từ dầu dừa thầu dầu castor hữu cơ an toàn đầu mascara cong",
          "url_thumbnail": "https://cf.shopee.vn/file/vn-11134201-7ras8-m1tjz7nua4zj51",
          "official_type": 0,
          "brand": "vitabox",
          "shop_platform_name": "Vitabox",
          "shop_url": "https://shopee.vn/shop/59856611",
          "revenue": 301590500,
          "price": 139000,
          "rating_avg": 4.957943916320801,
          "order_count": 3105,
          "rating_count": 1070,
          "platform_created_at": 1614702204,
          "price_updated_at": 1726633566,
          "price_min": 124000,
          "price_max": 252000
        },
        {
          "product_base_id": "1__21990112009__1021885537",
          "product_name": "Dưỡng mi dầu dừa Healthy Hair 100 nguyên chất giúp dưỡng mi dày và dài hơn 10ml",
          "url_thumbnail": "https://cf.shopee.vn/file/vn-11134207-7qukw-ljjz0dyrlol008",
          "official_type": 0,
          "brand": null,
          "shop_platform_name": "HEALTHY HAIR VN",
          "shop_url": "https://shopee.vn/shop/1021885537",
          "revenue": 77584600,
          "price": 18600,
          "rating_avg": 4.974869251251221,
          "order_count": 4368,
          "rating_count": 955,
          "platform_created_at": 1687521503,
          "price_updated_at": 1726633444,
          "price_min": 18000,
          "price_max": 18600
        },
        {
          "product_base_id": "2__2048768992",
          "product_name": "Dầu dừa ép lạnh Bến Tre giúp dưỡng tóc dưỡng mi massage và chăm sóc da",
          "url_thumbnail": "https://vn-live-01.slatic.net/p/eb2581a0d4f3f34b18b1217d9d0517aa.png",
          "official_type": 0,
          "brand": "No Brand",
          "shop_platform_name": "Hizuki Vietnam",
          "shop_url": null,
          "revenue": 70158270,
          "price": 59000,
          "rating_avg": 4.976430892944336,
          "order_count": 1181,
          "rating_count": 297,
          "platform_created_at": 1665569806,
          "price_updated_at": 1724386578,
          "price_min": 15900,
          "price_max": 79000
        },
        {
          "product_base_id": "1__4826084745__16498542",
          "product_name": "Chuốt mi dầu dừa dưỡng mi cong nguyên chất 100",
          "url_thumbnail": "https://cf.shopee.vn/file/affed5625040e298c3fdce9bd24a7590",
          "official_type": 0,
          "brand": null,
          "shop_platform_name": "Ling Organic",
          "shop_url": "https://shopee.vn/shop/16498542",
          "revenue": 118934425,
          "price": 10000,
          "rating_avg": 4.899814605712891,
          "order_count": 12090,
          "rating_count": 2700,
          "platform_created_at": 1586501650,
          "price_updated_at": 1726791757,
          "price_min": 10000,
          "price_max": 10000
        },
        {
          "product_base_id": "1__1591550192__5185714",
          "product_name": "Chuốt Mi Dầu Dừa dưỡng mi Tự Nấu / Loại 10ml",
          "url_thumbnail": "https://cf.shopee.vn/file/754666c2db9f3d54b1e03b2432048f95",
          "official_type": 0,
          "brand": null,
          "shop_platform_name": "huyentrangshop1003",
          "shop_url": "https://shopee.vn/shop/5185714",
          "revenue": 295816850,
          "price": 12900,
          "rating_avg": 4.9320969581604,
          "order_count": 23944,
          "rating_count": 7010,
          "platform_created_at": 1539943109,
          "price_updated_at": 1726633094,
          "price_min": 12700,
          "price_max": 12900
        },
        {
          "product_base_id": "2__1685473102",
          "product_name": "Dầu dừa nguyên chất original Coconut oil dầu nền mỹ phẩm làm xà phòng handmade soap dưỡng mi dài dầu massage dưỡng da nguyên liệu mỹ phẩm BẠCH HƯƠNG VÂN THẢO",
          "url_thumbnail": "https://vn-live-01.slatic.net/p/bbaf21a7be0a983a8961ff5f3b86dc60.jpg",
          "official_type": 0,
          "brand": "No Brand",
          "shop_platform_name": "Bạch Hương Vân Thảo",
          "shop_url": null,
          "revenue": 61401545,
          "price": 59000,
          "rating_avg": 4.940000057220459,
          "order_count": 1126,
          "rating_count": 314,
          "platform_created_at": 1641811306,
          "price_updated_at": 1724386578,
          "price_min": 38000,
          "price_max": 95000
        },
        {
          "product_base_id": "1__15356262464__160068057",
          "product_name": "Dầu dừa tinh khiết dưỡng mi/dưỡng môi Vietcoco thêm VITAMIN E 10ml Date 15/4/2026 Nhà hữu cơ",
          "url_thumbnail": "https://cf.shopee.vn/file/vn-11134207-7r98o-m0797vibxj3h5f",
          "official_type": 0,
          "brand": "vietcoco",
          "shop_platform_name": "NHÀ HỮU CƠ",
          "shop_url": "https://shopee.vn/shop/160068057",
          "revenue": 17248000,
          "price": 27000,
          "rating_avg": 4.916666507720947,
          "order_count": 646,
          "rating_count": 144,
          "platform_created_at": 1645638620,
          "price_updated_at": 1726697248,
          "price_min": 27000,
          "price_max": 27000
        },
        {
          "product_base_id": "1__3206138006__108223372",
          "product_name": "Combo dưỡng mi & dưỡng môi dầu dừa Purevess giúp dưỡng mi dài và dày hơn giúp môi giảm thâm",
          "url_thumbnail": "https://cf.shopee.vn/file/3e43ae5f6f509ad4058edfc9b495e694",
          "official_type": 0,
          "brand": "purevess",
          "shop_platform_name": "Tinh dầu thiên nhiên Purevess",
          "shop_url": "https://shopee.vn/shop/108223372",
          "revenue": 68289800,
          "price": 69000,
          "rating_avg": 4.930902004241943,
          "order_count": 1172,
          "rating_count": 521,
          "platform_created_at": 1573209999,
          "price_updated_at": 1726700846,
          "price_min": 69000,
          "price_max": 69000
        },
        {
          "product_base_id": "2__1859643182",
          "product_name": "Dầu Dừa Nguyên Chất Dưỡng Mi Ép Lạnh Tinh Khiết MILAGANICS Dầu Dừa Dưỡng Tóc Dưỡng Da Organic 250ml eHerb",
          "url_thumbnail": "https://vn-live-01.slatic.net/p/1fd58b8b5b4f50f46844fbcd280cb5e9.jpg",
          "official_type": 1,
          "brand": "milaganics",
          "shop_platform_name": "eHerb",
          "shop_url": null,
          "revenue": 303474651,
          "price": 92000,
          "rating_avg": 4.912019729614258,
          "order_count": 4294,
          "rating_count": 807,
          "platform_created_at": 1652091449,
          "price_updated_at": 1724385161,
          "price_min": 21670,
          "price_max": 92000
        },
        {
          "product_base_id": "2__1227429110",
          "product_name": "Dầu dừa Tinh Khiết Vietcoco dưỡng mi 10ml",
          "url_thumbnail": "https://vn-test-11.slatic.net/p/36fbe3e0f072b01a1f90f19cabcf3113.jpg",
          "official_type": 1,
          "brand": "vietcoco",
          "shop_platform_name": null,
          "shop_url": null,
          "revenue": 58549935,
          "price": 28000,
          "rating_avg": 4.900000095367432,
          "order_count": 2267,
          "rating_count": 434,
          "platform_created_at": 1615544571,
          "price_updated_at": 1730763426,
          "price_min": 23500,
          "price_max": 28000
        },
        {
          "product_base_id": "1__17900251281__10594784",
          "product_name": "10ml Dầu dừa tinh khiết dưỡng mi Vietcoco",
          "url_thumbnail": "https://cf.shopee.vn/file/vn-11134211-7r98o-lz02zvufdl0hff",
          "official_type": 0,
          "brand": "vietcoco",
          "shop_platform_name": "Talia's Shop",
          "shop_url": "https://shopee.vn/shop/10594784",
          "revenue": 22534013,
          "price": 29999,
          "rating_avg": 4.927966117858887,
          "order_count": 808,
          "rating_count": 236,
          "platform_created_at": 1644576871,
          "price_updated_at": 1726696069,
          "price_min": 27900,
          "price_max": 29999
        },
        {
          "product_base_id": "1__13646141550__341693711",
          "product_name": "GELMI COCO Dưỡng mi & mày dài dày DẦU DỪA NHA ĐAM Tặng 1 viên serum tóc",
          "url_thumbnail": "https://cf.shopee.vn/file/vn-11134207-23020-5ohq0c0ewanv83",
          "official_type": 0,
          "brand": "bau krysie",
          "shop_platform_name": "krysiebeaute_q5q8",
          "shop_url": "https://shopee.vn/shop/341693711",
          "revenue": 31163000,
          "price": 50000,
          "rating_avg": 4.945355415344238,
          "order_count": 669,
          "rating_count": 183,
          "platform_created_at": 1636377776,
          "price_updated_at": 1725399877,
          "price_min": 50000,
          "price_max": 50000
        },
        {
          "product_base_id": "2__2410777437",
          "product_name": "Dầu Dừa Nguyên Chất Nhà Làm Dùng Dưỡng Tóc Dưỡng Môi Dưỡng Mi Và Dưỡng Da An Toàn Và",
          "url_thumbnail": "https://filebroker-cdn.lazada.vn/kf/S1db2768704294fccae12a3f8cf941d2eG.jpg",
          "official_type": 0,
          "brand": "No Brand",
          "shop_platform_name": "Yến Vy Bến Tre Shop",
          "shop_url": null,
          "revenue": 15491500,
          "price": 90000,
          "rating_avg": 4.900000095367432,
          "order_count": 213,
          "rating_count": 58,
          "platform_created_at": 1693580461,
          "price_updated_at": 1724394632,
          "price_min": 25000,
          "price_max": 90000
        },
        {
          "product_base_id": "1__8968960315__19913964",
          "product_name": "DẦU DỪA NGUYÊN CHẤT DƯỠNG MI VIETCOCO 10ml THIẾT KẾ SIÊU TINH TẾ",
          "url_thumbnail": "https://cf.shopee.vn/file/vn-11134207-7qukw-lhf0hn7p9zlx82",
          "official_type": 0,
          "brand": null,
          "shop_platform_name": "shopsautho",
          "shop_url": "https://shopee.vn/shop/19913964",
          "revenue": 15248800,
          "price": 29000,
          "rating_avg": 4.914893627166748,
          "order_count": 589,
          "rating_count": 141,
          "platform_created_at": 1624141227,
          "price_updated_at": 1726635521,
          "price_min": 25000,
          "price_max": 29000
        },
        {
          "product_base_id": "1__23984164940__1097317423",
          "product_name": "Dầu dừa tinh khiết dưỡng môi/dưỡng mi Thêm VITAMIN E Vietcoco Date 9/2025 Nhà hữu cơ",
          "url_thumbnail": "https://cf.shopee.vn/file/vn-11134207-7r98o-m05ro3v1fx0t86",
          "official_type": 0,
          "brand": "vietcoco",
          "shop_platform_name": "nhahuuco4",
          "shop_url": "https://shopee.vn/shop/1097317423",
          "revenue": 2970000,
          "price": 27000,
          "rating_avg": 5.0,
          "order_count": 110,
          "rating_count": 21,
          "platform_created_at": 1697877483,
          "price_updated_at": 1726640249,
          "price_min": 27000,
          "price_max": 27000
        },
        {
          "product_base_id": "1__5781361601__48431454",
          "product_name": "Mascara dầu castor & dầu dừa Naturfarm Mascara dưỡng mi dưỡng lông mày",
          "url_thumbnail": "https://cf.shopee.vn/file/vn-11134207-7r98o-lvzxbaz3k4bf92",
          "official_type": 0,
          "brand": null,
          "shop_platform_name": "TheNaturfarm.Official",
          "shop_url": "https://shopee.vn/shop/48431454",
          "revenue": 69799600,
          "price": 17900,
          "rating_avg": 4.952381134033203,
          "order_count": 4215,
          "rating_count": 1113,
          "platform_created_at": 1615384921,
          "price_updated_at": 1726621257,
          "price_min": 15900,
          "price_max": 22900
        },
        {
          "product_base_id": "1__25565198192__986722461",
          "product_name": "Dầu dừa Tinh Khiết mỹ phẩm Vietcoco Dưỡng mi 10ml",
          "url_thumbnail": "https://cf.shopee.vn/file/vn-11134207-7r98o-ls6vr7ovnsuc3a",
          "official_type": 1,
          "brand": "vietcoco",
          "shop_platform_name": "Egome Official Store",
          "shop_url": "https://shopee.vn/shop/986722461",
          "revenue": 20251160,
          "price": 31000,
          "rating_avg": 4.938650131225586,
          "order_count": 770,
          "rating_count": 163,
          "platform_created_at": 1708917805,
          "price_updated_at": 1730689118,
          "price_min": 25480,
          "price_max": 31000
        },
        {
          "product_base_id": "8__1729428655121991776",
          "product_name": "Dầu dừa ép lạnh nguyên chất Coco Secret 500ml dầu dừa tinh khiết dưỡng tóc dưỡng mi giảm rạn da dầu dừa Bến Tre",
          "url_thumbnail": "https://p16-oec-va.ibyteimg.com/tos-maliva-i-o3syd03w52-us/19905cdb3c5a456ebc62805cba25c7fe~tplv-o3syd03w52-crop-webp:500:500.webp?from=2481794462",
          "official_type": 0,
          "brand": "coco secret",
          "shop_platform_name": "Khỏe Đẹp 24h.",
          "shop_url": "https://short.metric.vn/shop/8__7494609232426272864",
          "revenue": 2574600,
          "price": 119500,
          "rating_avg": 3.0,
          "order_count": 20,
          "rating_count": 4,
          "platform_created_at": null,
          "price_updated_at": 1730867227,
          "price_min": 96000,
          "price_max": 150000
        },
        {
          "product_base_id": "1__6310629644__22199117",
          "product_name": "DẦU DỪA NGUYÊN CHẤT DƯỠNG MI VIETCOCO 10ml",
          "url_thumbnail": "https://cf.shopee.vn/file/vn-11134207-7qukw-lhb9lrg8cc36da",
          "official_type": 0,
          "brand": "vietcoco",
          "shop_platform_name": "cheapnho",
          "shop_url": "https://shopee.vn/shop/22199117",
          "revenue": 3110000,
          "price": 25000,
          "rating_avg": 5.0,
          "order_count": 119,
          "rating_count": 18,
          "platform_created_at": 1575900956,
          "price_updated_at": 1726701714,
          "price_min": 24000,
          "price_max": 35000
        },
        {
          "product_base_id": "8__1729581964959582929",
          "product_name": "Dầu Dừa Dưỡng Mi Từ Dầu Dừa Ép Lạnh Nguyên Chất Serum Dưỡng Mi Mascara Làm Dày Mi Và Dưỡng Mi Dài",
          "url_thumbnail": "https://p19-oec-va.ibyteimg.com/tos-maliva-i-o3syd03w52-us/b95c00b72d1c4da99792295321715105~tplv-o3syd03w52-crop-webp:500:500.webp?from=2481794462",
          "official_type": 0,
          "brand": null,
          "shop_platform_name": "Mịn Màng Việt Nam",
          "shop_url": "https://short.metric.vn/shop/8__7494648176140978897",
          "revenue": 9407331,
          "price": 29000,
          "rating_avg": 4.800000190734863,
          "order_count": 407,
          "rating_count": 46,
          "platform_created_at": null,
          "price_updated_at": 1730883977,
          "price_min": 290,
          "price_max": 58000
        },
        {
          "product_base_id": "2__361374367",
          "product_name": "Dưỡng mi Purevess dầu dừa dưỡng mi dưỡng mi dài dưỡng môi dầu dừa",
          "url_thumbnail": "https://vn-live-01.slatic.net/p/53950387637f28878aafe98b002b79ae.png",
          "official_type": 1,
          "brand": "purevess",
          "shop_platform_name": "Purevess",
          "shop_url": null,
          "revenue": 391612199,
          "price": 179000,
          "rating_avg": 4.919260501861572,
          "order_count": 7762,
          "rating_count": 2056,
          "platform_created_at": 1572439803,
          "price_updated_at": 1724385161,
          "price_min": 49000,
          "price_max": 179000
        },
        {
          "product_base_id": "1__9623479958__48431454",
          "product_name": "Mascara dầu dừa dưỡng mi Naturfarm 5ML",
          "url_thumbnail": "https://cf.shopee.vn/file/vn-11134207-7r98o-lvzx578l5lnfc3",
          "official_type": 0,
          "brand": null,
          "shop_platform_name": "TheNaturfarm.Official",
          "shop_url": "https://shopee.vn/shop/48431454",
          "revenue": 71191200,
          "price": 17900,
          "rating_avg": 4.960269451141357,
          "order_count": 4488,
          "rating_count": 1485,
          "platform_created_at": 1615367851,
          "price_updated_at": 1726633406,
          "price_min": 14000,
          "price_max": 17900
        },
        {
          "product_base_id": "1__23123201701__252481472",
          "product_name": "Vỏ cây chuốt mi Vỏ dưỡng mi cây đựng dầu dừa",
          "url_thumbnail": "https://cf.shopee.vn/file/sg-11134201-23020-m8xh5b875cnv06",
          "official_type": 0,
          "brand": null,
          "shop_platform_name": "kho hàng Anna",
          "shop_url": "https://shopee.vn/shop/252481472",
          "revenue": 10467100,
          "price": 7300,
          "rating_avg": 4.856353759765625,
          "order_count": 1435,
          "rating_count": 181,
          "platform_created_at": 1676008993,
          "price_updated_at": 1726715079,
          "price_min": 5000,
          "price_max": 7300
        },
        {
          "product_base_id": "2__1609350828",
          "product_name": "Dưỡng mi dài và dày từ dầu dừa nguyên chấtkích thích mọc michống rụng mi fresh foo &cosmetics",
          "url_thumbnail": "https://vn-live-01.slatic.net/p/c9c5fba76482b4230d77e422b9d7665c.jpg",
          "official_type": 0,
          "brand": "No Brand",
          "shop_platform_name": "Fresh food & Cosmetics",
          "shop_url": null,
          "revenue": 59621285,
          "price": 25000,
          "rating_avg": 4.940000057220459,
          "order_count": 2823,
          "rating_count": 519,
          "platform_created_at": 1637813352,
          "price_updated_at": 1724385161,
          "price_min": 18660,
          "price_max": 25000
        },
        {
          "product_base_id": "1__7913636646__32140158",
          "product_name": "10 Vỏ chuốt mi nắp bạc 8ml lọ mascara chiết dầu dừa dưỡng mi",
          "url_thumbnail": "https://cf.shopee.vn/file/ca2ba763503d0de88cd36577f73f2533",
          "official_type": 0,
          "brand": null,
          "shop_platform_name": "CHAI LỌ HŨ NHỰA CHIẾT MỸ PHẨM",
          "shop_url": "https://shopee.vn/shop/32140158",
          "revenue": 29123800,
          "price": 58000,
          "rating_avg": 4.913978576660156,
          "order_count": 514,
          "rating_count": 93,
          "platform_created_at": 1577949212,
          "price_updated_at": 1726635225,
          "price_min": 56000,
          "price_max": 58000
        },
        {
          "product_base_id": "1__530276820__28228365",
          "product_name": "Tinh Dầu Dừa Dưỡng Mi Cong Vút",
          "url_thumbnail": "https://cf.shopee.vn/file/7095330a274ed8de0b451ab50bcddb50",
          "official_type": 0,
          "brand": null,
          "shop_platform_name": "SaLeMyPham89",
          "shop_url": "https://shopee.vn/shop/28228365",
          "revenue": 397651600,
          "price": 8300,
          "rating_avg": 4.909979820251465,
          "order_count": 43500,
          "rating_count": 8899,
          "platform_created_at": 1506609160,
          "price_updated_at": 1726633069,
          "price_min": 8300,
          "price_max": 8300
        },
        {
          "product_base_id": "1__23488853236__1098853927",
          "product_name": "Serum dưỡng mi mày Hapuganic Giúp mi và mày chắc khỏe cong dài từ dầu dừa và bồ kết",
          "url_thumbnail": "https://cf.shopee.vn/file/vn-11134207-7r98o-lphdypj9wggrbc",
          "official_type": 1,
          "brand": "hapuganic",
          "shop_platform_name": "Hapuganic Làm Đẹp Thiên Nhiên",
          "shop_url": "https://shopee.vn/shop/1098853927",
          "revenue": 4740000,
          "price": 20000,
          "rating_avg": 4.888888835906982,
          "order_count": 237,
          "rating_count": 54,
          "platform_created_at": 1703139240,
          "price_updated_at": 1726636576,
          "price_min": 20000,
          "price_max": 89000
        },
        {
          "product_base_id": "1__5434585141__22199117",
          "product_name": "Dầu dừa dưỡng mi dưỡng môi nguyên chất 10ml",
          "url_thumbnail": "https://cf.shopee.vn/file/c84c4c63fe421a2902583888fe53b2d2",
          "official_type": 0,
          "brand": null,
          "shop_platform_name": "cheapnho",
          "shop_url": "https://shopee.vn/shop/22199117",
          "revenue": 34119400,
          "price": 10000,
          "rating_avg": 4.864553451538086,
          "order_count": 3974,
          "rating_count": 1041,
          "platform_created_at": 1589875314,
          "price_updated_at": 1726701701,
          "price_min": 9900,
          "price_max": 10000
        },
        {
          "product_base_id": "1__22459108226__308984129",
          "product_name": "Dầu dưỡng mi HomeSpa Thành phần thiên nhiên từ dầu dừa dầu oliu Dưỡng mi dài mượt chắc khỏe 5ml",
          "url_thumbnail": "https://cf.shopee.vn/file/vn-11134207-7r98o-lna55jcj44fu29",
          "official_type": 0,
          "brand": null,
          "shop_platform_name": "Home.Spa",
          "shop_url": "https://shopee.vn/shop/308984129",
          "revenue": 6237320,
          "price": 25520,
          "rating_avg": 4.865384578704834,
          "order_count": 247,
          "rating_count": 52,
          "platform_created_at": 1698242740,
          "price_updated_at": 1725408415,
          "price_min": 25520,
          "price_max": 25520
        },
        {
          "product_base_id": "1__6617119497__19811952",
          "product_name": "MASCARA DẦU DỪA DƯỠNG MI VÀ CHÂN MÀY",
          "url_thumbnail": "https://cf.shopee.vn/file/vn-11134207-7r98o-lzt1tquf93kdfd",
          "official_type": 0,
          "brand": null,
          "shop_platform_name": "mimi_house_handmadecosmetics",
          "shop_url": "https://shopee.vn/shop/19811952",
          "revenue": 30374900,
          "price": 42000,
          "rating_avg": 4.928740978240967,
          "order_count": 1422,
          "rating_count": 421,
          "platform_created_at": 1581707132,
          "price_updated_at": 1726700300,
          "price_min": 22000,
          "price_max": 42000
        },
        {
          "product_base_id": "1__1002929950__9337693",
          "product_name": "Dầu Dừa Nguyên Chất 100 Làm Đẹp & Dưỡng Mi",
          "url_thumbnail": "https://cf.shopee.vn/file/d6febf22d2a2d2a95c52df9194047ec8",
          "official_type": 0,
          "brand": null,
          "shop_platform_name": "NAPO Bột Thiên Nhiên",
          "shop_url": "https://shopee.vn/shop/9337693",
          "revenue": 29497500,
          "price": 15000,
          "rating_avg": 4.929824352264404,
          "order_count": 1271,
          "rating_count": 456,
          "platform_created_at": 1521631609,
          "price_updated_at": 1726634308,
          "price_min": 15000,
          "price_max": 35000
        },
        {
          "product_base_id": "1__16904422694__199740429",
          "product_name": "Dầu dừa tinh khiết VIETCOCO",
          "url_thumbnail": "https://cf.shopee.vn/file/0610a46816c254b4333d2919ba7b6d9e",
          "official_type": 0,
          "brand": "vietcoco",
          "shop_platform_name": "Xuz Shop",
          "shop_url": "https://shopee.vn/shop/199740429",
          "revenue": 4873000,
          "price": 27000,
          "rating_avg": 4.924528121948242,
          "order_count": 180,
          "rating_count": 53,
          "platform_created_at": 1645090948,
          "price_updated_at": 1726801425,
          "price_min": 27000,
          "price_max": 27600
        },
        {
          "product_base_id": "8__1729670018553776441",
          "product_name": "Dầu dừa dưỡng mi Vietcoco mềm mượt giảm gãy rụng Nữ Cosmetic Trang Điểm Mỹ Phẩm Women Mascara",
          "url_thumbnail": "https://p16-oec-va.ibyteimg.com/tos-maliva-i-o3syd03w52-us/836d6e259c60429cab655b1b5b25bdbc~tplv-o3syd03w52-crop-webp:500:500.webp?from=2481794462",
          "official_type": 0,
          "brand": "vietcoco",
          "shop_platform_name": "Sweet Home - Hương Sắc Việt",
          "shop_url": "https://short.metric.vn/shop/8__7495158247342508345",
          "revenue": 700763,
          "price": 38000,
          "rating_avg": 5.0,
          "order_count": 28,
          "rating_count": 2,
          "platform_created_at": null,
          "price_updated_at": 1730846146,
          "price_min": 380,
          "price_max": 38000
        },
        {
          "product_base_id": "1__11797613285__77247645",
          "product_name": "Dầu dừa dưỡng môi dưỡng mi tinh khiết ép lạnh Vietcoco",
          "url_thumbnail": "https://cf.shopee.vn/file/b60746b7d5a048e2508e7f2493993f63",
          "official_type": 0,
          "brand": "vietcoco",
          "shop_platform_name": "Oma Mart (Organic Mart)",
          "shop_url": "https://shopee.vn/shop/77247645",
          "revenue": 9401000,
          "price": 32000,
          "rating_avg": 4.909090995788574,
          "order_count": 319,
          "rating_count": 66,
          "platform_created_at": 1660970562,
          "price_updated_at": 1726695719,
          "price_min": 32000,
          "price_max": 32000
        },
        {
          "product_base_id": "1__5226576585__16498542",
          "product_name": "Combo 10 Chuốt mi dầu dừa dưỡng mi cong nguyên chất 100",
          "url_thumbnail": "https://cf.shopee.vn/file/150c8594a8bb63ffb209d35532504fb6",
          "official_type": 0,
          "brand": null,
          "shop_platform_name": "Ling Organic",
          "shop_url": "https://shopee.vn/shop/16498542",
          "revenue": 28464470,
          "price": 95000,
          "rating_avg": 4.958333492279053,
          "order_count": 305,
          "rating_count": 48,
          "platform_created_at": 1586610001,
          "price_updated_at": 1726791840,
          "price_min": 95000,
          "price_max": 95000
        },
        {
          "product_base_id": "1__1228173463__71334006",
          "product_name": "Dầu Dừa Dưỡng Mi Sense Plus 8ml",
          "url_thumbnail": "https://cf.shopee.vn/file/vn-11134207-7r98o-ln8b2bcmd1w8d6",
          "official_type": 0,
          "brand": "sense plus",
          "shop_platform_name": "sense plus",
          "shop_url": "https://shopee.vn/shop/71334006",
          "revenue": 51933300,
          "price": 19000,
          "rating_avg": 4.924882411956787,
          "order_count": 1381,
          "rating_count": 213,
          "platform_created_at": 1528346485,
          "price_updated_at": 1726634207,
          "price_min": 19000,
          "price_max": 48000
        },
        {
          "product_base_id": "2__508694819",
          "product_name": "Chuốt mi dầu dừa dưỡng mi cong nguyên chất 100",
          "url_thumbnail": "https://vn-live-01.slatic.net/p/6a60ca9500edc935cf6ee412d502f658.jpg",
          "official_type": 0,
          "brand": "No Brand",
          "shop_platform_name": "Ling Organic",
          "shop_url": null,
          "revenue": 184398162,
          "price": 10000,
          "rating_avg": 4.880000114440918,
          "order_count": 18462,
          "rating_count": 2274,
          "platform_created_at": 1586501534,
          "price_updated_at": 1724385161,
          "price_min": 10000,
          "price_max": 10000
        },
        {
          "product_base_id": "1__19373311981__289251819",
          "product_name": "Dầu dừa tinh khiết dưỡng mi/dưỡng môi Vietcoco thêm VITAMIN E 10ml Nhà hữu cơ",
          "url_thumbnail": "https://cf.shopee.vn/file/vn-11134207-7r98o-m08jfv99mc274c",
          "official_type": 0,
          "brand": "vietcoco",
          "shop_platform_name": "NHÀ HỮU CƠ - MẸ VÀ BÉ",
          "shop_url": "https://shopee.vn/shop/289251819",
          "revenue": 3449000,
          "price": 27000,
          "rating_avg": 4.962963104248047,
          "order_count": 130,
          "rating_count": 27,
          "platform_created_at": 1676388272,
          "price_updated_at": 1726637743,
          "price_min": 25000,
          "price_max": 27000
        },
        {
          "product_base_id": "1__6025130093__238493362",
          "product_name": "mascara dầu dừa dưỡng mi 10ml",
          "url_thumbnail": "https://cf.shopee.vn/file/199a37457d8403cd2d640949e96ac4d8",
          "official_type": 0,
          "brand": null,
          "shop_platform_name": "truongangroup",
          "shop_url": "https://shopee.vn/shop/238493362",
          "revenue": 24419600,
          "price": 5300,
          "rating_avg": 4.769008636474609,
          "order_count": 4355,
          "rating_count": 1040,
          "platform_created_at": 1586256233,
          "price_updated_at": 1726633423,
          "price_min": 5300,
          "price_max": 9000
        },
        {
          "product_base_id": "1__23852149081__1028092551",
          "product_name": "Mascara dưỡng mi và lông mày VITABOX thành phần tự nhiên từ dầu dừa castor jojoba argan giúp mi dài dày cong 5mL",
          "url_thumbnail": "https://cf.shopee.vn/file/vn-11134207-7ras8-m140b084ykxna8",
          "official_type": 1,
          "brand": "vitabox",
          "shop_platform_name": "Vitabox official",
          "shop_url": "https://shopee.vn/shop/1028092551",
          "revenue": 592000,
          "price": 139000,
          "rating_avg": 4.75,
          "order_count": 5,
          "rating_count": 4,
          "platform_created_at": 1692679709,
          "price_updated_at": 1723542581,
          "price_min": 124000,
          "price_max": 252000
        },
        {
          "product_base_id": "1__15798822274__136526768",
          "product_name": "SERUM DẦU DỪA DƯỠNG MI GIÚP MI MỌC DÀI VÀ DÀY HƠN",
          "url_thumbnail": "https://cf.shopee.vn/file/vn-11134207-7r98o-lslokf6rsfixd6",
          "official_type": 0,
          "brand": "Phương Anh Cosmetic",
          "shop_platform_name": "LC Shop EmoSIim by Fen",
          "shop_url": "https://shopee.vn/shop/136526768",
          "revenue": 5221000,
          "price": 25000,
          "rating_avg": 4.911764621734619,
          "order_count": 121,
          "rating_count": 34,
          "platform_created_at": 1684703067,
          "price_updated_at": 1726697362,
          "price_min": 25000,
          "price_max": 40000
        },
        {
          "product_base_id": "2__2232935578",
          "product_name": "Dầu Dừa MILAGANICS Nguyên Chất Ép Lạnh Mỹ Phẩm Dưỡng Mi Dưỡng Tóc Dưỡng Môi Dưỡng Da 30ml",
          "url_thumbnail": "https://vn-live-01.slatic.net/p/9d0c93af18f1dbc4d635ab3dc198a8a2.jpg",
          "official_type": 1,
          "brand": "milaganics",
          "shop_platform_name": "eHerb",
          "shop_url": null,
          "revenue": 2551315,
          "price": 85000,
          "rating_avg": 5.0,
          "order_count": 31,
          "rating_count": 5,
          "platform_created_at": 1680254422,
          "price_updated_at": 1724422711,
          "price_min": 27674,
          "price_max": 85000
        },
        {
          "product_base_id": "2__1314188520",
          "product_name": "Dầu Dừa Ép Lạnh Nguyên Chất Heebee Dưỡng Mi Dưỡng Tóc và Da 50ml & 150ml Heebee",
          "url_thumbnail": "https://vn-live-01.slatic.net/p/2c97dfcf09ec7fefbac890c603ccdd56.jpg",
          "official_type": 1,
          "brand": "heebee vietnam",
          "shop_platform_name": "heebeevietnam",
          "shop_url": null,
          "revenue": 7015020,
          "price": 250000,
          "rating_avg": 5.0,
          "order_count": 41,
          "rating_count": 10,
          "platform_created_at": 1621252265,
          "price_updated_at": 1724415716,
          "price_min": 90000,
          "price_max": 275000
        },
        {
          "product_base_id": "1__10305750980__290739610",
          "product_name": "Dầu dừa Bình Định nấu củi TỐT NHẤT dầu dừa dưỡng mi dưỡng tóc thơm vàng nức mũi",
          "url_thumbnail": "https://cf.shopee.vn/file/vn-11134207-7r98o-lnpdvt27hxilf2",
          "official_type": 0,
          "brand": null,
          "shop_platform_name": "Trà Gạo Lức Phúc Thịnh",
          "shop_url": "https://shopee.vn/shop/290739610",
          "revenue": 2202000,
          "price": 19000,
          "rating_avg": 4.961538314819336,
          "order_count": 134,
          "rating_count": 26,
          "platform_created_at": 1621668024,
          "price_updated_at": 1726637548,
          "price_min": 17000,
          "price_max": 30000
        },
        {
          "product_base_id": "2__2114249191",
          "product_name": "Mỹ Phẩm dầu dừa tinh khiết Vietcoco Vitamin E nguyên chất ép lạnh dưỡng tóc dưỡng mi.....",
          "url_thumbnail": "https://vn-live-01.slatic.net/p/5b8c87884084931f4d4a7e81377f5a59.jpg",
          "official_type": 0,
          "brand": "vietcoco",
          "shop_platform_name": "SIÊU THỊ ONLINE eMART",
          "shop_url": null,
          "revenue": 4117220,
          "price": 35000,
          "rating_avg": 5.0,
          "order_count": 118,
          "rating_count": 24,
          "platform_created_at": 1670474364,
          "price_updated_at": 1724403681,
          "price_min": 32305,
          "price_max": 99000
        },
        {
          "product_base_id": "1__19185221664__59892367",
          "product_name": "Dầu dừa Tinh khiết Ép lạnh Nguyên chất Vietcoco massage dưỡng ẩm dưỡng mi dưỡng môi 30ml",
          "url_thumbnail": "https://cf.shopee.vn/file/vn-11134207-7r98o-lx7qh50qxujdd3",
          "official_type": 0,
          "brand": "vietcoco",
          "shop_platform_name": "Shop Thải Độc Cà Phê",
          "shop_url": "https://shopee.vn/shop/59892367",
          "revenue": 13460000,
          "price": 39000,
          "rating_avg": 4.889763832092285,
          "order_count": 460,
          "rating_count": 127,
          "platform_created_at": 1697244561,
          "price_updated_at": 1726635335,
          "price_min": 39000,
          "price_max": 149000
        },
        {
          "product_base_id": "2__2530737092",
          "product_name": "Dầu Dừa Nguyên Chất Ép Lạnh Bến Tre Dưỡng Mi Dưỡng Tóc 100ml Tinh Dầu Dừa Hữu Cơ Ép Lạnh Giảm Rạn Da",
          "url_thumbnail": "https://sg-test-11.slatic.net/p/a64ba6f12281dc6229bd47dfa5a15760.jpg",
          "official_type": 0,
          "brand": "No Brand",
          "shop_platform_name": "Bách Hóa Linh Lan 168",
          "shop_url": null,
          "revenue": 720000,
          "price": 45000,
          "rating_avg": 5.0,
          "order_count": 16,
          "rating_count": 3,
          "platform_created_at": 1703842654,
          "price_updated_at": 1724635272,
          "price_min": 21000,
          "price_max": 45000
        },
        {
          "product_base_id": "1__17504401128__199740429",
          "product_name": "50ml Dầu dừa tinh khiết mỹ phẩm dưỡng mi dưỡng môi dưỡng da Vietcoco",
          "url_thumbnail": "https://cf.shopee.vn/file/cce4b8e8fa318f15e15995ef715b32df",
          "official_type": 0,
          "brand": "vietcoco",
          "shop_platform_name": "Xuz Shop",
          "shop_url": "https://shopee.vn/shop/199740429",
          "revenue": 1732000,
          "price": 29900,
          "rating_avg": 5.0,
          "order_count": 59,
          "rating_count": 19,
          "platform_created_at": 1645090034,
          "price_updated_at": 1726801429,
          "price_min": 27000,
          "price_max": 29900
        },
        {
          "product_base_id": "1__3844976823__290453087",
          "product_name": "Dầu dừa dưỡng mi Minh Thư mascara dầu dừa dưỡng mi 100 từ dầu dừa ép lạnh thiên nhiên",
          "url_thumbnail": "https://cf.shopee.vn/file/vn-11134207-7ras8-m0emjbc9wmb1d3",
          "official_type": 0,
          "brand": null,
          "shop_platform_name": "Minh Thư Natural",
          "shop_url": "https://shopee.vn/shop/290453087",
          "revenue": 10804000,
          "price": 25000,
          "rating_avg": 5.0,
          "order_count": 432,
          "rating_count": 114,
          "platform_created_at": 1596506759,
          "price_updated_at": 1726635444,
          "price_min": 7000,
          "price_max": 25000
        },
        {
          "product_base_id": "1__1994719898__15013645",
          "product_name": "Mascara dầu dừa hỗ trợ dưỡng mi dài dày và chắc khoẻ",
          "url_thumbnail": "https://cf.shopee.vn/file/vn-11134207-7r98o-lzaev80h8imldd",
          "official_type": 0,
          "brand": null,
          "shop_platform_name": "Shop Bột Pon Audrey",
          "shop_url": "https://shopee.vn/shop/15013645",
          "revenue": 10424900,
          "price": 30000,
          "rating_avg": 4.97520637512207,
          "order_count": 366,
          "rating_count": 121,
          "platform_created_at": 1552380777,
          "price_updated_at": 1726635640,
          "price_min": 18000,
          "price_max": 30000
        },
        {
          "product_base_id": "1__15228984621__640073810",
          "product_name": "Dưỡng mi dài và dày từ dầu dừa nguyên chấtkích thích mọc michống rụng mi 10ml SUNSTORE.OFFICE",
          "url_thumbnail": "https://cf.shopee.vn/file/4d6f93fc213a3644ff7b438349c603b3",
          "official_type": 0,
          "brand": null,
          "shop_platform_name": "sunstore.office",
          "shop_url": "https://shopee.vn/shop/640073810",
          "revenue": 5967400,
          "price": 22000,
          "rating_avg": 4.912087917327881,
          "order_count": 269,
          "rating_count": 91,
          "platform_created_at": 1640941596,
          "price_updated_at": 1726718276,
          "price_min": 18000,
          "price_max": 25000
        },
        {
          "product_base_id": "1__14913642791__29559718",
          "product_name": "Mascara Dầu Dừa Nguyên Chất Dưỡng Mi Rakisuta 5ml",
          "url_thumbnail": "https://cf.shopee.vn/file/e79af727c1688cf70e47f62a1c4397da",
          "official_type": 0,
          "brand": null,
          "shop_platform_name": "Bối Bối Shop",
          "shop_url": "https://shopee.vn/shop/29559718",
          "revenue": 11444000,
          "price": 28000,
          "rating_avg": 4.890410900115967,
          "order_count": 448,
          "rating_count": 146,
          "platform_created_at": 1638859936,
          "price_updated_at": 1726635381,
          "price_min": 25000,
          "price_max": 28000
        },
        {
          "product_base_id": "1__9530845038__178533868",
          "product_name": "Mascara Dầu Dừa Dưỡng Mi Dài Tự Nhiên Handmade",
          "url_thumbnail": "https://cf.shopee.vn/file/d730530431e01aa25f4b80c30629eb5b",
          "official_type": 0,
          "brand": null,
          "shop_platform_name": "Baonhu_handmade",
          "shop_url": "https://shopee.vn/shop/178533868",
          "revenue": 12123090,
          "price": 15500,
          "rating_avg": 4.956080913543701,
          "order_count": 841,
          "rating_count": 296,
          "platform_created_at": 1616518345,
          "price_updated_at": 1726634710,
          "price_min": 15500,
          "price_max": 15500
        },
        {
          "product_base_id": "1__2853101161__19913964",
          "product_name": "Dầu dừa dưỡng mi nguyên chất 8ml",
          "url_thumbnail": "https://cf.shopee.vn/file/2fb57083eea385d0bb484687ae2610b1",
          "official_type": 0,
          "brand": null,
          "shop_platform_name": "shopsautho",
          "shop_url": "https://shopee.vn/shop/19913964",
          "revenue": 9848900,
          "price": 10000,
          "rating_avg": 4.873873710632324,
          "order_count": 780,
          "rating_count": 222,
          "platform_created_at": 1568937992,
          "price_updated_at": 1725398436,
          "price_min": 9900,
          "price_max": 10000
        },
        {
          "product_base_id": "1__25253267156__1104100998",
          "product_name": "Dưỡng Mi Dài Dầu Dừa Nguyên Chất Mascara Serum Chuốt Dưỡng Mi Mày Với Thiết Kế Không Dính Vào Mắt",
          "url_thumbnail": "https://cf.shopee.vn/file/vn-11134207-7r98o-lp62hm1ujhvy66",
          "official_type": 0,
          "brand": "NÊLA VIETNAM",
          "shop_platform_name": "Nếp Làng Việt Nam",
          "shop_url": "https://shopee.vn/shop/1104100998",
          "revenue": 3596000,
          "price": 29000,
          "rating_avg": 5.0,
          "order_count": 121,
          "rating_count": 30,
          "platform_created_at": 1702355439,
          "price_updated_at": 1725412866,
          "price_min": 29000,
          "price_max": 29000
        },
        {
          "product_base_id": "1__4416393558__9028711",
          "product_name": "Dầu dừa ép lạnh nguyên chất dưỡng tóc dưỡng mi làm mềm da",
          "url_thumbnail": "https://cf.shopee.vn/file/vn-11134207-7r98o-lzadurt1ewjx92",
          "official_type": 0,
          "brand": "Bambi",
          "shop_platform_name": "Bimore - Mỹ Phẩm Xanh",
          "shop_url": "https://shopee.vn/shop/9028711",
          "revenue": 10088000,
          "price": 70000,
          "rating_avg": 4.92307710647583,
          "order_count": 165,
          "rating_count": 52,
          "platform_created_at": 1580788549,
          "price_updated_at": 1726636844,
          "price_min": 70000,
          "price_max": 90000
        },
        {
          "product_base_id": "2__2479198897",
          "product_name": "Mascara dầu dừa dưỡng Mi",
          "url_thumbnail": "https://vn-live-01.slatic.net/p/389774a4586533dadc22cd2b6174ada5.png",
          "official_type": 0,
          "brand": "No Brand",
          "shop_platform_name": "Dầu dừa Cô Ba",
          "shop_url": null,
          "revenue": 136000,
          "price": 68000,
          "rating_avg": 5.0,
          "order_count": 2,
          "rating_count": 1,
          "platform_created_at": 1699370449,
          "price_updated_at": 1724716155,
          "price_min": 68000,
          "price_max": 68000
        },
        {
          "product_base_id": "8__1729449907169758046",
          "product_name": "Mascara Dưỡng Mi Dầu Dừa Dày & Dài Mi An Toàn Lành Tính Thiên Nhiên MILAGANICS 5ml Trang Điểm Cosmetic Mỹ Phẩm Nữ Women jejo mascara",
          "url_thumbnail": "https://p16-oec-va.ibyteimg.com/tos-maliva-i-o3syd03w52-us/4e94f5604950404587a5daa53eb4b2c8~tplv-o3syd03w52-crop-webp:500:500.webp?from=2481794462",
          "official_type": 1,
          "brand": "milaganics",
          "shop_platform_name": "eHerb Viet Nam",
          "shop_url": "https://short.metric.vn/shop/8__7494529979361168222",
          "revenue": 50977312,
          "price": 24300,
          "rating_avg": 4.599999904632568,
          "order_count": 2478,
          "rating_count": 298,
          "platform_created_at": null,
          "price_updated_at": 1730902739,
          "price_min": 243,
          "price_max": 73000
        },
        {
          "product_base_id": "1__22412515546__6654075",
          "product_name": "Dầu dừa tinh khiết mỹ phẩm Vietcoco 250ml nhiều công dụng dưỡng môi dưỡng mi dưỡng tóc làm đẹp",
          "url_thumbnail": "https://cf.shopee.vn/file/sg-11134201-22120-d5f1wuibe0kv5a",
          "official_type": 0,
          "brand": "vietcoco",
          "shop_platform_name": "LeafOrganic - Natural &Organic",
          "shop_url": "https://shopee.vn/shop/6654075",
          "revenue": 2020414,
          "price": 45990,
          "rating_avg": 5.0,
          "order_count": 49,
          "rating_count": 12,
          "platform_created_at": 1671436446,
          "price_updated_at": 1725417517,
          "price_min": 38325,
          "price_max": 160020
        },
        {
          "product_base_id": "1__2425674027__62075742",
          "product_name": "Dầu dừa tinh khiết mỹ phẩm Vietcoco 250ml dưỡng môi dưỡng mi dưỡng tóc",
          "url_thumbnail": "https://cf.shopee.vn/file/vn-11134207-7r98o-lqtuvt0sp1yvf1",
          "official_type": 0,
          "brand": "vietcoco",
          "shop_platform_name": "Leafshop_hcm",
          "shop_url": "https://shopee.vn/shop/62075742",
          "revenue": 1811875,
          "price": 133000,
          "rating_avg": 5.0,
          "order_count": 15,
          "rating_count": 7,
          "platform_created_at": 1562754652,
          "price_updated_at": 1726696533,
          "price_min": 127000,
          "price_max": 133000
        },
        {
          "product_base_id": "1__11386254674__76965128",
          "product_name": "Mascara Dưỡng Mi Dầu Dừa Nguyên Chất Rakisuta 5ml",
          "url_thumbnail": "https://cf.shopee.vn/file/cd8ba675cd2789ef5effc5413e51ce8c",
          "official_type": 0,
          "brand": null,
          "shop_platform_name": "MỸ PHẨM MIHA",
          "shop_url": "https://shopee.vn/shop/76965128",
          "revenue": 7137000,
          "price": 26000,
          "rating_avg": 4.887640476226807,
          "order_count": 286,
          "rating_count": 89,
          "platform_created_at": 1644233455,
          "price_updated_at": 1726623836,
          "price_min": 24000,
          "price_max": 26000
        },
        {
          "product_base_id": "2__1616681929",
          "product_name": "Dưỡng MiMôi bằng dầu dừa nguyên chất dưỡng mi dài và dày dưỡng ẩm làm mờ thâm môi chống khô môi sunstore17",
          "url_thumbnail": "https://vn-live-01.slatic.net/p/08253e0e8afc3235cb42976c22c7a752.jpg",
          "official_type": 0,
          "brand": "No Brand",
          "shop_platform_name": "sunstore17",
          "shop_url": null,
          "revenue": 7955042,
          "price": 60000,
          "rating_avg": 5.0,
          "order_count": 202,
          "rating_count": 52,
          "platform_created_at": 1638234677,
          "price_updated_at": 1724393397,
          "price_min": 36100,
          "price_max": 60000
        },
        {
          "product_base_id": "1__22551807709__252481472",
          "product_name": "vỏ mascara hàng chai đựng dầu dừa dưỡng mi",
          "url_thumbnail": "https://cf.shopee.vn/file/vn-11134207-7r98o-lkl7ufoab46i7c",
          "official_type": 0,
          "brand": null,
          "shop_platform_name": "kho hàng Anna",
          "shop_url": "https://shopee.vn/shop/252481472",
          "revenue": 1679000,
          "price": 10500,
          "rating_avg": 4.939393997192383,
          "order_count": 157,
          "rating_count": 33,
          "platform_created_at": 1692375099,
          "price_updated_at": 1726715079,
          "price_min": 10500,
          "price_max": 11000
        },
        {
          "product_base_id": "2__344298444",
          "product_name": "Dầu Dừa Dưỡng Mi Sense Plus",
          "url_thumbnail": "https://vn-live-01.slatic.net/p/09b9f928dad4c815772b1e6385e39b1e.png",
          "official_type": 1,
          "brand": "sense plus",
          "shop_platform_name": "SENSE PLUS Official Store",
          "shop_url": null,
          "revenue": 7815000,
          "price": 19000,
          "rating_avg": 4.75,
          "order_count": 210,
          "rating_count": 20,
          "platform_created_at": 1570613109,
          "price_updated_at": 1724393397,
          "price_min": 10000,
          "price_max": 38000
        },
        {
          "product_base_id": "1__21730242031__832120085",
          "product_name": "Mascara dầu dừa Julyhouse nguyên chất giúp dưỡng mi giữ ẩm dài mi chân mày",
          "url_thumbnail": "https://cf.shopee.vn/file/vn-11134207-7ras8-m0v8kk9dt8y783",
          "official_type": 1,
          "brand": "julyhouse",
          "shop_platform_name": "Hi! Beauty Shop",
          "shop_url": "https://shopee.vn/shop/832120085",
          "revenue": 735000,
          "price": 28500,
          "rating_avg": 5.0,
          "order_count": 26,
          "rating_count": 5,
          "platform_created_at": 1659414644,
          "price_updated_at": 1726643705,
          "price_min": 28500,
          "price_max": 29000
        },
        {
          "product_base_id": "1__15500675751__76019913",
          "product_name": "Dưỡng mi Chuốt mi dầu dừa Nhà nấu / Loại 10ml giúp mi dài nhanh và cong hơn",
          "url_thumbnail": "https://cf.shopee.vn/file/vn-11134207-7qukw-lgucq2grsapef0",
          "official_type": 0,
          "brand": null,
          "shop_platform_name": "Mua hàng online 24h",
          "shop_url": "https://shopee.vn/shop/76019913",
          "revenue": 6470485,
          "price": 14500,
          "rating_avg": 4.899280548095703,
          "order_count": 471,
          "rating_count": 139,
          "platform_created_at": 1637122267,
          "price_updated_at": 1726631821,
          "price_min": 11500,
          "price_max": 14500
        },
        {
          "product_base_id": "1__24369039068__1206405605",
          "product_name": "Dưỡng mi dầu dừa mascara dưỡng mi Healthy Hair 100 nguyên chất dưỡng mi dưỡng mày dày và dài hơn 10ml",
          "url_thumbnail": "https://cf.shopee.vn/file/vn-11134207-7r98o-lsv5cbhf5ltwe1",
          "official_type": 0,
          "brand": null,
          "shop_platform_name": "TIỆM TÓC HEALTHY ",
          "shop_url": "https://shopee.vn/shop/1206405605",
          "revenue": 4185600,
          "price": 18000,
          "rating_avg": 4.948276042938232,
          "order_count": 247,
          "rating_count": 58,
          "platform_created_at": 1710410684,
          "price_updated_at": 1725407125,
          "price_min": 18000,
          "price_max": 18000
        },
        {
          "product_base_id": "1__26850859670__1210109967",
          "product_name": "Dưỡng Mi Dưỡng Mày Toàn Diện Dưỡng Mi Chắc Khỏe Dài Mascara dưỡng mi giữ ẩm dài mi từ dầu dừa nguyên chất 8ml",
          "url_thumbnail": "https://cf.shopee.vn/file/sg-11134201-7rd5f-lvol5o1cgyg7bc",
          "official_type": 0,
          "brand": "purevess",
          "shop_platform_name": "Gia dụng KaiBe",
          "shop_url": "https://shopee.vn/shop/1210109967",
          "revenue": 11178000,
          "price": 54000,
          "rating_avg": 4.789473533630371,
          "order_count": 207,
          "rating_count": 84,
          "platform_created_at": 1716550486,
          "price_updated_at": 1726698500,
          "price_min": 53000,
          "price_max": 139000
        },
        {
          "product_base_id": "2__510492182",
          "product_name": "Dầu Dừa Nguyên Chất 100ml Làm Đẹp & Dưỡng Mi",
          "url_thumbnail": "https://vn-live-01.slatic.net/p/mdc/98be4b164d0a46036f9edd4eb074fde9.png",
          "official_type": 0,
          "brand": "No Brand",
          "shop_platform_name": "NaPo Shop",
          "shop_url": null,
          "revenue": 1879184,
          "price": 25000,
          "rating_avg": 5.0,
          "order_count": 63,
          "rating_count": 11,
          "platform_created_at": 1586587804,
          "price_updated_at": 1724409262,
          "price_min": 23000,
          "price_max": 40000
        },
        {
          "product_base_id": "2__2671137438",
          "product_name": "Dầu dừa ép lạnh nguyên chất htx Sinh Dược Đạt Chuẩn USDA EU dưỡng da dưỡng mi dưỡng tóc",
          "url_thumbnail": "https://vn-live-01.slatic.net/p/c800f20a9c3b72fe668bf2df8b89b50c.jpg",
          "official_type": 0,
          "brand": "htx sinh dược",
          "shop_platform_name": "NHA QUE NONG SAN XANH",
          "shop_url": null,
          "revenue": 98000,
          "price": 24500,
          "rating_avg": 5.0,
          "order_count": 4,
          "rating_count": 1,
          "platform_created_at": 1718252130,
          "price_updated_at": null,
          "price_min": 24500,
          "price_max": 24500
        },
        {
          "product_base_id": "1__14839374929__655268956",
          "product_name": "Dầu dừa dưỡng mi Cửu Long",
          "url_thumbnail": "https://cf.shopee.vn/file/d94fc65ddf5e1ca48564c7462f39ea1d",
          "official_type": 1,
          "brand": "cửu long",
          "shop_platform_name": "Sieuthidua.coconutmart",
          "shop_url": "https://shopee.vn/shop/655268956",
          "revenue": 955680,
          "price": 48000,
          "rating_avg": 5.0,
          "order_count": 21,
          "rating_count": 3,
          "platform_created_at": 1642298695,
          "price_updated_at": 1726644321,
          "price_min": 39840,
          "price_max": 48000
        },
        {
          "product_base_id": "1__22243723664__36758451",
          "product_name": "Dưỡng Mi Dầu Dừa",
          "url_thumbnail": "https://cf.shopee.vn/file/vn-11134207-7qukw-lh9tmd848hyr08",
          "official_type": 0,
          "brand": null,
          "shop_platform_name": "thuhuyen_14.06",
          "shop_url": "https://shopee.vn/shop/36758451",
          "revenue": 838000,
          "price": 15000,
          "rating_avg": 4.5,
          "order_count": 60,
          "rating_count": 14,
          "platform_created_at": 1685147371,
          "price_updated_at": 1725417162,
          "price_min": 15000,
          "price_max": 15000
        },
        {
          "product_base_id": "1__15100303209__71334006",
          "product_name": "DẦU DỪA DƯỠNG MI SENSE PLUS 8ML",
          "url_thumbnail": "https://cf.shopee.vn/file/vn-11134207-7r98o-llyczeywpyan69",
          "official_type": 0,
          "brand": "sense plus",
          "shop_platform_name": "sense plus",
          "shop_url": "https://shopee.vn/shop/71334006",
          "revenue": 2375000,
          "price": 15000,
          "rating_avg": 4.897959232330322,
          "order_count": 199,
          "rating_count": 49,
          "platform_created_at": 1637059955,
          "price_updated_at": 1726636550,
          "price_min": 10000,
          "price_max": 15000
        },
        {
          "product_base_id": "1__7407651197__139256246",
          "product_name": "Mascara Dầu Dừa Dưỡng Mi Coco Secret",
          "url_thumbnail": "https://cf.shopee.vn/file/vn-11134207-7qukw-lf994k4esmtm1b",
          "official_type": 0,
          "brand": "coco secret",
          "shop_platform_name": "Dầu Dừa Coco Secret",
          "shop_url": "https://shopee.vn/shop/139256246",
          "revenue": 32371100,
          "price": 30000,
          "rating_avg": 4.87033748626709,
          "order_count": 1533,
          "rating_count": 563,
          "platform_created_at": 1574218647,
          "price_updated_at": 1725396592,
          "price_min": 30000,
          "price_max": 30000
        },
        {
          "product_base_id": "1__19080459027__297942706",
          "product_name": "Dầu Dừa Dưỡng Mi Mascara Dầu Dừa Nguyên Chất Bến Tre Kích Thích Mi Mọc Dày Dài Hơn 10ml",
          "url_thumbnail": "https://cf.shopee.vn/file/vn-11134201-7qukw-lhiu0xcqkxol23",
          "official_type": 0,
          "brand": null,
          "shop_platform_name": "Hạt Dinh Dưỡng Hoàng Phương",
          "shop_url": "https://shopee.vn/shop/297942706",
          "revenue": 2260200,
          "price": 22320,
          "rating_avg": 4.903225898742676,
          "order_count": 104,
          "rating_count": 31,
          "platform_created_at": 1685694870,
          "price_updated_at": 1726717020,
          "price_min": 21600,
          "price_max": 22320
        },
        {
          "product_base_id": "2__887068308",
          "product_name": "Dầu dừa nguyên chất Cô Ba 100ml Bến Tre Dầu dừa dưỡng da dưỡng tóc dưỡng môi dưỡng mi ngừa rạn da",
          "url_thumbnail": "https://vn-live-01.slatic.net/p/63edf6162c884e3c150eb218f714fee6.png",
          "official_type": 0,
          "brand": "Cô Ba",
          "shop_platform_name": "Dầu dừa Cô Ba",
          "shop_url": null,
          "revenue": 86000,
          "price": 86000,
          "rating_avg": 5.0,
          "order_count": 1,
          "rating_count": 1,
          "platform_created_at": 1602491785,
          "price_updated_at": 1724734791,
          "price_min": 86000,
          "price_max": 86000
        },
        {
          "product_base_id": "1__1558485316__92004331",
          "product_name": "Tinh Dầu Dừa Dưỡng Mi Cong Vút",
          "url_thumbnail": "https://cf.shopee.vn/file/7dce5fd8205173ae4c1f410ca7a04569",
          "official_type": 0,
          "brand": null,
          "shop_platform_name": "SALEMYPHAM1990",
          "shop_url": "https://shopee.vn/shop/92004331",
          "revenue": 21283400,
          "price": 10000,
          "rating_avg": 4.879055976867676,
          "order_count": 2067,
          "rating_count": 339,
          "platform_created_at": 1539006364,
          "price_updated_at": 1726633831,
          "price_min": 10000,
          "price_max": 10000
        },
        {
          "product_base_id": "1__8023292284__75873010",
          "product_name": "Chuốt Mi Dầu Dừa dưỡng mi cong vút Loại 10ml",
          "url_thumbnail": "https://cf.shopee.vn/file/4e047bf478f9724e08edc4e5bace3352",
          "official_type": 0,
          "brand": null,
          "shop_platform_name": "Serum Trị Mụn Mimosa",
          "shop_url": "https://shopee.vn/shop/75873010",
          "revenue": 11643800,
          "price": 9000,
          "rating_avg": 4.918919086456299,
          "order_count": 1464,
          "rating_count": 481,
          "platform_created_at": 1615347608,
          "price_updated_at": 1726703444,
          "price_min": 8900,
          "price_max": 9000
        },
        {
          "product_base_id": "1__22430599454__966052722",
          "product_name": "Dưỡng mi dầu dừa Beco Beauty Vietnam mascara dầu dừa giúp dưỡng mi dài hơn và đậm màu hơn",
          "url_thumbnail": "https://cf.shopee.vn/file/vn-11134207-7r98o-lybvx0d71ft997",
          "official_type": 1,
          "brand": "BECO BEAUTY VIETNAM",
          "shop_platform_name": "Mỹ phẩm Beco Beauty",
          "shop_url": "https://shopee.vn/shop/966052722",
          "revenue": 9757000,
          "price": 19000,
          "rating_avg": 4.82608699798584,
          "order_count": 492,
          "rating_count": 161,
          "platform_created_at": 1678353943,
          "price_updated_at": 1725400869,
          "price_min": 19000,
          "price_max": 50000
        },
        {
          "product_base_id": "1__10492121916__728033685",
          "product_name": "Mascara Dưỡng Mi Dầu Dừa Dầu dừa nguyên chất thiên nhiên Nhà cô ba kích thích mọc mi dày & dài hơn 10ml",
          "url_thumbnail": "https://cf.shopee.vn/file/vn-11134207-7r98o-lwi2znkavwt741",
          "official_type": 0,
          "brand": null,
          "shop_platform_name": "DẦU GỘI BỒ KẾT - NHÀ CÔ BA",
          "shop_url": "https://shopee.vn/shop/728033685",
          "revenue": 19117498,
          "price": 59000,
          "rating_avg": 4.941314697265625,
          "order_count": 1156,
          "rating_count": 426,
          "platform_created_at": 1649251712,
          "price_updated_at": 1726634380,
          "price_min": 15000,
          "price_max": 59000
        },
        {
          "product_base_id": "1__23251468288__621786093",
          "product_name": "Dầu dừa ép lạnh 100ml nguyên chất htx sinh dược dầu dừa đạt chuẩn hữu cơ USDA DƯỠNG DA DƯỠNG MI DƯỠNG TÓC",
          "url_thumbnail": "https://cf.shopee.vn/file/vn-11134207-7r98o-lvvml3g7b4d7ab",
          "official_type": 0,
          "brand": "htx sinh dược",
          "shop_platform_name": "NHÀ QUÊ NÔNG SẢN XANH",
          "shop_url": "https://shopee.vn/shop/621786093",
          "revenue": 500000,
          "price": 25000,
          "rating_avg": 4.857142925262451,
          "order_count": 20,
          "rating_count": 7,
          "platform_created_at": 1692178646,
          "price_updated_at": 1726645120,
          "price_min": 25000,
          "price_max": 25000
        },
        {
          "product_base_id": "8__1729434810216516006",
          "product_name": "DẦU DỪA LÀM ĐẸP SENSE PLUS DƯỠNG MI 2.5ML",
          "url_thumbnail": "https://p16-oec-va.ibyteimg.com/tos-maliva-i-o3syd03w52-us/03aa6667e79449b496d6552c537a659e~tplv-o3syd03w52-crop-webp:500:500.webp?from=2481794462",
          "official_type": 0,
          "brand": "sense plus",
          "shop_platform_name": "senseplusvietnam",
          "shop_url": "https://short.metric.vn/shop/8__7494657858496924070",
          "revenue": 462100,
          "price": 24000,
          "rating_avg": 5.0,
          "order_count": 14,
          "rating_count": 1,
          "platform_created_at": null,
          "price_updated_at": 1730845724,
          "price_min": 240,
          "price_max": 24000
        },
        {
          "product_base_id": "2__675620140",
          "product_name": "Chuốt mi mascara dầu dừa dưỡng mi dày dài cong vuốt chính hiệu Quê Một Cục",
          "url_thumbnail": "https://vn-live-01.slatic.net/p/08ea91a972bdd9a31dfb45d8b5c7a90d.jpg",
          "official_type": 0,
          "brand": "quê một cục",
          "shop_platform_name": "Spa quê một cục",
          "shop_url": null,
          "revenue": 8221124,
          "price": 25000,
          "rating_avg": 4.960784435272217,
          "order_count": 394,
          "rating_count": 51,
          "platform_created_at": 1593160871,
          "price_updated_at": 1724389986,
          "price_min": 21655,
          "price_max": 25000
        },
        {
          "product_base_id": "2__2158981450",
          "product_name": "Dầu Dừa Dưỡng Mi Nguyên Chất Giữ Ẩm Dài Mi Thiết Kế Mascara Sợi Nhỏ Chống Dính Vào Mắt",
          "url_thumbnail": "https://vn-live-01.slatic.net/p/0f3d545471e7dbbf914b6331bdcfc679.jpg",
          "official_type": 0,
          "brand": "THE NICE BODY",
          "shop_platform_name": "THE NICE BODY",
          "shop_url": null,
          "revenue": 350000,
          "price": 35000,
          "rating_avg": 5.0,
          "order_count": 10,
          "rating_count": 1,
          "platform_created_at": 1675240936,
          "price_updated_at": 1724615749,
          "price_min": 32600,
          "price_max": 35000
        },
        {
          "product_base_id": "1__9933135540__433229",
          "product_name": "Dưỡng mi dầu dừa Sense Plus",
          "url_thumbnail": "https://cf.shopee.vn/file/vn-11134207-7qukw-lfw4jgs9lzsa9d",
          "official_type": 1,
          "brand": "sense plus",
          "shop_platform_name": "Thanh Chân Cosmetics",
          "shop_url": "https://shopee.vn/shop/433229",
          "revenue": 121498200,
          "price": 35000,
          "rating_avg": 4.966636657714844,
          "order_count": 3466,
          "rating_count": 1109,
          "platform_created_at": 1616859966,
          "price_updated_at": 1726633507,
          "price_min": 35000,
          "price_max": 35000
        },
        {
          "product_base_id": "1__2653730479__22199117",
          "product_name": "Dầu dừa dưỡng mi nguyên chất",
          "url_thumbnail": "https://cf.shopee.vn/file/163c45e91eca4e1e63c0e023d0f631f6",
          "official_type": 0,
          "brand": null,
          "shop_platform_name": "cheapnho",
          "shop_url": "https://shopee.vn/shop/22199117",
          "revenue": 3038200,
          "price": 6000,
          "rating_avg": 4.938775539398193,
          "order_count": 378,
          "rating_count": 98,
          "platform_created_at": 1565715614,
          "price_updated_at": 1726701714,
          "price_min": 6000,
          "price_max": 15000
        },
        {
          "product_base_id": "1__11204548227__19913964",
          "product_name": "DẦU DỪA NGUYÊN CHẤT VIETCOCO DƯỠNG MI 10ML",
          "url_thumbnail": "https://cf.shopee.vn/file/57a9171fa17460d91cf26bf432b01c97",
          "official_type": 0,
          "brand": null,
          "shop_platform_name": "shopsautho",
          "shop_url": "https://shopee.vn/shop/19913964",
          "revenue": 1003000,
          "price": 29000,
          "rating_avg": 5.0,
          "order_count": 36,
          "rating_count": 9,
          "platform_created_at": 1621266802,
          "price_updated_at": 1726641278,
          "price_min": 26000,
          "price_max": 29000
        },
        {
          "product_base_id": "1__11268314891__308769288",
          "product_name": "Mascara Dưỡng Mi Dầu Dừa Nguyên Chất Kích Thích Mi Mọc Dày & Dài Hơn COCO SECRET 5ml",
          "url_thumbnail": "https://cf.shopee.vn/file/46e97d529bd5f481a9dd58edee7b5fdf",
          "official_type": 0,
          "brand": null,
          "shop_platform_name": "BeautyU - Mỹ Phẩm Thiên Nhiên",
          "shop_url": "https://shopee.vn/shop/308769288",
          "revenue": 3877250,
          "price": 29000,
          "rating_avg": 4.941176414489746,
          "order_count": 134,
          "rating_count": 51,
          "platform_created_at": 1636102466,
          "price_updated_at": 1725409982,
          "price_min": 28000,
          "price_max": 29000
        },
        {
          "product_base_id": "1__23147902239__1010793091",
          "product_name": "Mascara dầu dừa dưỡng mi 10ml giúp mi dài chắc khỏe 100 dầu dừa nguyên chất ép lạnh an toàn lành tính organic",
          "url_thumbnail": "https://cf.shopee.vn/file/vn-11134207-7qukw-lj4fb5stxdscce",
          "official_type": 0,
          "brand": null,
          "shop_platform_name": "i’m organic",
          "shop_url": "https://shopee.vn/shop/1010793091",
          "revenue": 2016215,
          "price": 11200,
          "rating_avg": 4.760563373565674,
          "order_count": 198,
          "rating_count": 71,
          "platform_created_at": 1689180195,
          "price_updated_at": 1726636585,
          "price_min": 10999,
          "price_max": 11200
        },
        {
          "product_base_id": "1__1622486471__41120875",
          "product_name": "COMBO Chai Lăn và Dưỡng Mi Dầu Dừa One4One",
          "url_thumbnail": "https://cf.shopee.vn/file/7767af797727997d1cbc7a949334829a",
          "official_type": 0,
          "brand": "one4one",
          "shop_platform_name": "Cửa hàng Sinh thái One4One",
          "shop_url": "https://shopee.vn/shop/41120875",
          "revenue": 24830000,
          "price": 55000,
          "rating_avg": 4.96875,
          "order_count": 452,
          "rating_count": 160,
          "platform_created_at": 1541058966,
          "price_updated_at": 1726635344,
          "price_min": 55000,
          "price_max": 55000
        },
        {
          "product_base_id": "1__12639898722__457014083",
          "product_name": "Chuốt mi dầu dừa Tự Nấu Dưỡng mi dày dài cong vuốt OneFood68",
          "url_thumbnail": "https://cf.shopee.vn/file/5398a1b420bec2d1ca2bbe5e1c579b48",
          "official_type": 0,
          "brand": null,
          "shop_platform_name": "One Food",
          "shop_url": "https://shopee.vn/shop/457014083",
          "revenue": 4470000,
          "price": 11000,
          "rating_avg": 4.859259128570557,
          "order_count": 386,
          "rating_count": 135,
          "platform_created_at": 1635585873,
          "price_updated_at": 1726635551,
          "price_min": 11000,
          "price_max": 29000
        }
      ],
      "lst_product_sale_30d": null,
      "lst_product_top_revenue_custom": [
        {
          "product_base_id": "1__8063171218__60414205",
          "product_name": "Dầu dừa Tinh Khiết Vietcoco dưỡng mi 10ml",
          "url_thumbnail": "https://cf.shopee.vn/file/3744488fbfae1e130affdd4e624f35ed",
          "official_type": 1,
          "brand": "vietcoco",
          "shop_platform_name": "Vietcoco - Tinh Hoa Dừa Việt",
          "shop_url": "https://shopee.vn/shop/60414205",
          "revenue": 456404820,
          "price": 28000,
          "rating_avg": 4.936593532562256,
          "order_count": 17284,
          "rating_count": 4274,
          "platform_created_at": 1622818815,
          "price_updated_at": 1730859759,
          "price_min": 25200,
          "price_max": 28000
        },
        {
          "product_base_id": "1__14682646891__18644537",
          "product_name": "Mascara Dưỡng Mi Milaganics Dầu Dừa Nguyên Chất 5ml Hasaki Sản Phẩm",
          "url_thumbnail": "https://cf.shopee.vn/file/vn-11134201-7r98o-m07ksjxa4rrj3c",
          "official_type": 0,
          "brand": "milaganics",
          "shop_platform_name": "Hasaki Official Store",
          "shop_url": "https://shopee.vn/shop/18644537",
          "revenue": 472379100,
          "price": 26000,
          "rating_avg": 4.926283836364746,
          "order_count": 21477,
          "rating_count": 5901,
          "platform_created_at": 1652175482,
          "price_updated_at": 1726633108,
          "price_min": 26000,
          "price_max": 29000
        },
        {
          "product_base_id": "1__18435692845__831509831",
          "product_name": "Mascara dầu dừa dưỡng mi chuốt mi dầu dừa giúp mi mọc dày & dài hơn MILAGANICS 5ml",
          "url_thumbnail": "https://cf.shopee.vn/file/vn-11134207-7r98o-ltdmjy6ug1axe7",
          "official_type": 1,
          "brand": "milaganics",
          "shop_platform_name": "eherbvnofficialstore",
          "shop_url": "https://shopee.vn/shop/831509831",
          "revenue": 368145250,
          "price": 29000,
          "rating_avg": 4.884638786315918,
          "order_count": 16201,
          "rating_count": 4941,
          "platform_created_at": 1660806201,
          "price_updated_at": 1726633127,
          "price_min": 28000,
          "price_max": 29000
        },
        {
          "product_base_id": "3__440260__1",
          "product_name": "Mascara Dầu Dừa Dưỡng Mi Milaganics",
          "url_thumbnail": "https://salt.tikicdn.com/cache/280x280/media/catalog/product/c/o/combo_mascara_d_u_d_a_milaganics_5ml.jpg",
          "official_type": 1,
          "brand": "milaganics",
          "shop_platform_name": "Tiki Trading ",
          "shop_url": null,
          "revenue": 1969320000,
          "price": 60000,
          "rating_avg": 4.5,
          "order_count": 32822,
          "rating_count": 1682,
          "platform_created_at": 1488101123,
          "price_updated_at": 1730798723,
          "price_min": 60000,
          "price_max": 60000
        },
        {
          "product_base_id": "3__440261__1",
          "product_name": "Combo Mascara Dầu Dừa Dưỡng Mi Milaganics Tinh Chất Dưỡng Môi Lip Gloss Milaganics",
          "url_thumbnail": "https://salt.tikicdn.com/cache/280x280/media/catalog/product/1/5/155043-combo-duong-mi-duong-moi-body-_3_.jpg",
          "official_type": 1,
          "brand": "milaganics",
          "shop_platform_name": "Tiki Trading ",
          "shop_url": null,
          "revenue": 1368990000,
          "price": 82000,
          "rating_avg": 4.300000190734863,
          "order_count": 16695,
          "rating_count": 1171,
          "platform_created_at": 1488115516,
          "price_updated_at": 1730813116,
          "price_min": 35000,
          "price_max": 82000
        },
        {
          "product_base_id": "1__6279892611__341325550",
          "product_name": "Mascara Dầu Dừa Dưỡng Mi Dầu Dừa Nguyên Chất Kích Thích Mi Mọc Dày & Dài Hơn MILAGANICS 5ml",
          "url_thumbnail": "https://cf.shopee.vn/file/vn-11134207-7r98o-lvbl3qnugwo4aa",
          "official_type": 0,
          "brand": "milaganics",
          "shop_platform_name": "eHerb Việt Nam",
          "shop_url": "https://shopee.vn/shop/341325550",
          "revenue": 500134990,
          "price": 28000,
          "rating_avg": 4.932026386260986,
          "order_count": 28524,
          "rating_count": 10152,
          "platform_created_at": 1614139736,
          "price_updated_at": 1726633084,
          "price_min": 25200,
          "price_max": 74000
        },
        {
          "product_base_id": "8__1729459621858674903",
          "product_name": "Dầu dừa Tinh Khiết Vietcoco dưỡng mi 10ml Cosmetic Nữ",
          "url_thumbnail": "https://p16-oec-va.ibyteimg.com/tos-maliva-i-o3syd03w52-us/4a04a2a585c14668be8cfb88e9c48998~tplv-o3syd03w52-crop-webp:500:500.webp?from=2481794462",
          "official_type": 1,
          "brand": "vietcoco",
          "shop_platform_name": "VIETCOCO TINH HOA DỪA VIỆT",
          "shop_url": "https://short.metric.vn/shop/8__7494603124043450583",
          "revenue": 112407745,
          "price": 25760,
          "rating_avg": 4.800000190734863,
          "order_count": 6072,
          "rating_count": 202,
          "platform_created_at": null,
          "price_updated_at": 1730897659,
          "price_min": 229,
          "price_max": 28000
        },
        {
          "product_base_id": "1__8619621542__59856611",
          "product_name": "Dưỡng mi và lông mày VITABOX giúp mi dài dày tự nhiên từ dầu dừa thầu dầu castor hữu cơ an toàn đầu mascara cong",
          "url_thumbnail": "https://cf.shopee.vn/file/vn-11134201-7ras8-m1tjz7nua4zj51",
          "official_type": 0,
          "brand": "vitabox",
          "shop_platform_name": "Vitabox",
          "shop_url": "https://shopee.vn/shop/59856611",
          "revenue": 301590500,
          "price": 139000,
          "rating_avg": 4.957943916320801,
          "order_count": 3105,
          "rating_count": 1070,
          "platform_created_at": 1614702204,
          "price_updated_at": 1726633566,
          "price_min": 124000,
          "price_max": 252000
        },
        {
          "product_base_id": "1__16483018840__831509831",
          "product_name": "Dầu dừa hữu cơ ép lạnh nguyên chất dưỡng mi dưỡng tóc dưỡng môi dưỡng da MILAGANICS 250ml",
          "url_thumbnail": "https://cf.shopee.vn/file/vn-11134207-7r98o-ltxz9bwum1w1f5",
          "official_type": 1,
          "brand": "milaganics",
          "shop_platform_name": "eherbvnofficialstore",
          "shop_url": "https://shopee.vn/shop/831509831",
          "revenue": 109400300,
          "price": 87000,
          "rating_avg": 4.91253662109375,
          "order_count": 2449,
          "rating_count": 686,
          "platform_created_at": 1661246808,
          "price_updated_at": 1726633794,
          "price_min": 50000,
          "price_max": 131000
        },
        {
          "product_base_id": "2__361374367",
          "product_name": "Dưỡng mi Purevess dầu dừa dưỡng mi dưỡng mi dài dưỡng môi dầu dừa",
          "url_thumbnail": "https://vn-live-01.slatic.net/p/53950387637f28878aafe98b002b79ae.png",
          "official_type": 1,
          "brand": "purevess",
          "shop_platform_name": "Purevess",
          "shop_url": null,
          "revenue": 391612199,
          "price": 179000,
          "rating_avg": 4.919260501861572,
          "order_count": 7762,
          "rating_count": 2056,
          "platform_created_at": 1572439803,
          "price_updated_at": 1724385161,
          "price_min": 49000,
          "price_max": 179000
        },
        {
          "product_base_id": "1__1591550192__5185714",
          "product_name": "Chuốt Mi Dầu Dừa dưỡng mi Tự Nấu / Loại 10ml",
          "url_thumbnail": "https://cf.shopee.vn/file/754666c2db9f3d54b1e03b2432048f95",
          "official_type": 0,
          "brand": null,
          "shop_platform_name": "huyentrangshop1003",
          "shop_url": "https://shopee.vn/shop/5185714",
          "revenue": 295816850,
          "price": 12900,
          "rating_avg": 4.9320969581604,
          "order_count": 23944,
          "rating_count": 7010,
          "platform_created_at": 1539943109,
          "price_updated_at": 1726633094,
          "price_min": 12700,
          "price_max": 12900
        },
        {
          "product_base_id": "1__21990112009__1021885537",
          "product_name": "Dưỡng mi dầu dừa Healthy Hair 100 nguyên chất giúp dưỡng mi dày và dài hơn 10ml",
          "url_thumbnail": "https://cf.shopee.vn/file/vn-11134207-7qukw-ljjz0dyrlol008",
          "official_type": 0,
          "brand": null,
          "shop_platform_name": "HEALTHY HAIR VN",
          "shop_url": "https://shopee.vn/shop/1021885537",
          "revenue": 77584600,
          "price": 18600,
          "rating_avg": 4.974869251251221,
          "order_count": 4368,
          "rating_count": 955,
          "platform_created_at": 1687521503,
          "price_updated_at": 1726633444,
          "price_min": 18000,
          "price_max": 18600
        },
        {
          "product_base_id": "2__1859643182",
          "product_name": "Dầu Dừa Nguyên Chất Dưỡng Mi Ép Lạnh Tinh Khiết MILAGANICS Dầu Dừa Dưỡng Tóc Dưỡng Da Organic 250ml eHerb",
          "url_thumbnail": "https://vn-live-01.slatic.net/p/1fd58b8b5b4f50f46844fbcd280cb5e9.jpg",
          "official_type": 1,
          "brand": "milaganics",
          "shop_platform_name": "eHerb",
          "shop_url": null,
          "revenue": 303474651,
          "price": 92000,
          "rating_avg": 4.912019729614258,
          "order_count": 4294,
          "rating_count": 807,
          "platform_created_at": 1652091449,
          "price_updated_at": 1724385161,
          "price_min": 21670,
          "price_max": 92000
        },
        {
          "product_base_id": "2__2048768992",
          "product_name": "Dầu dừa ép lạnh Bến Tre giúp dưỡng tóc dưỡng mi massage và chăm sóc da",
          "url_thumbnail": "https://vn-live-01.slatic.net/p/eb2581a0d4f3f34b18b1217d9d0517aa.png",
          "official_type": 0,
          "brand": "No Brand",
          "shop_platform_name": "Hizuki Vietnam",
          "shop_url": null,
          "revenue": 70158270,
          "price": 59000,
          "rating_avg": 4.976430892944336,
          "order_count": 1181,
          "rating_count": 297,
          "platform_created_at": 1665569806,
          "price_updated_at": 1724386578,
          "price_min": 15900,
          "price_max": 79000
        },
        {
          "product_base_id": "1__4605972834__108223372",
          "product_name": "Mascara dầu dừa dưỡng mi dài mi từ dầu dừa nguyên chất 8ml Purevess gian",
          "url_thumbnail": "https://cf.shopee.vn/file/afec1a16d33f0e6571a8632ebb41123a",
          "official_type": 0,
          "brand": "purevess",
          "shop_platform_name": "Tinh dầu thiên nhiên Purevess",
          "shop_url": "https://shopee.vn/shop/108223372",
          "revenue": 224470200,
          "price": 49000,
          "rating_avg": 4.949587821960449,
          "order_count": 5763,
          "rating_count": 2063,
          "platform_created_at": 1573209539,
          "price_updated_at": 1726700846,
          "price_min": 49000,
          "price_max": 110000
        },
        {
          "product_base_id": "1__4826084745__16498542",
          "product_name": "Chuốt mi dầu dừa dưỡng mi cong nguyên chất 100",
          "url_thumbnail": "https://cf.shopee.vn/file/affed5625040e298c3fdce9bd24a7590",
          "official_type": 0,
          "brand": null,
          "shop_platform_name": "Ling Organic",
          "shop_url": "https://shopee.vn/shop/16498542",
          "revenue": 118934425,
          "price": 10000,
          "rating_avg": 4.899814605712891,
          "order_count": 12090,
          "rating_count": 2700,
          "platform_created_at": 1586501650,
          "price_updated_at": 1726791757,
          "price_min": 10000,
          "price_max": 10000
        },
        {
          "product_base_id": "8__1729691140499737042",
          "product_name": "Dưỡng Mi dầu dừa lên men Giúp Lông Mi Dài và Dày Mỹ Phẩm Cosmetic Mascara",
          "url_thumbnail": "https://p16-oec-va.ibyteimg.com/tos-maliva-i-o3syd03w52-us/bc73e4b6badb41df95e902273076299b~tplv-o3syd03w52-resize-jpeg:800:800.jpeg?from=1826719393",
          "official_type": 0,
          "brand": null,
          "shop_platform_name": "Mỹ Phẩm Dr.Ánh",
          "shop_url": "https://short.metric.vn/shop/8__7494627753276574162",
          "revenue": 76144147,
          "price": 50000,
          "rating_avg": 4.900000095367432,
          "order_count": 2188,
          "rating_count": 184,
          "platform_created_at": null,
          "price_updated_at": 1730716604,
          "price_min": 18000,
          "price_max": 50000
        },
        {
          "product_base_id": "1__15492093281__776145810",
          "product_name": "Tinh Chất Dưỡng Mi Dài Chai Chuốt Mi Serum Dầu Dừa Thiết Kế Đầu Cọ Siêu Mảnh Chống Chảy Vào Mắt",
          "url_thumbnail": "https://cf.shopee.vn/file/vn-11134207-7r98o-lqaedzt2hvzr55",
          "official_type": 1,
          "brand": "M&M\t",
          "shop_platform_name": "Mịn Màng Việt Nam ",
          "shop_url": "https://shopee.vn/shop/776145810",
          "revenue": 102035700,
          "price": 35000,
          "rating_avg": 4.929878234863281,
          "order_count": 3315,
          "rating_count": 984,
          "platform_created_at": 1662009520,
          "price_updated_at": 1726801086,
          "price_min": 29000,
          "price_max": 35000
        },
        {
          "product_base_id": "2__1685473102",
          "product_name": "Dầu dừa nguyên chất original Coconut oil dầu nền mỹ phẩm làm xà phòng handmade soap dưỡng mi dài dầu massage dưỡng da nguyên liệu mỹ phẩm BẠCH HƯƠNG VÂN THẢO",
          "url_thumbnail": "https://vn-live-01.slatic.net/p/bbaf21a7be0a983a8961ff5f3b86dc60.jpg",
          "official_type": 0,
          "brand": "No Brand",
          "shop_platform_name": "Bạch Hương Vân Thảo",
          "shop_url": null,
          "revenue": 61401545,
          "price": 59000,
          "rating_avg": 4.940000057220459,
          "order_count": 1126,
          "rating_count": 314,
          "platform_created_at": 1641811306,
          "price_updated_at": 1724386578,
          "price_min": 38000,
          "price_max": 95000
        },
        {
          "product_base_id": "1__9449337697__193849872",
          "product_name": "Dưỡng Mi Sense Plus Coconut Perfect Care Makes Perferct Lashes Từ Dầu Dừa 8ml",
          "url_thumbnail": "https://cf.shopee.vn/file/vn-11134201-7r98o-ll1w9f6pd0az64",
          "official_type": 1,
          "brand": "sense plus",
          "shop_platform_name": "Watsons Vietnam Official Store",
          "shop_url": "https://shopee.vn/shop/193849872",
          "revenue": 196145000,
          "price": 38000,
          "rating_avg": 4.936949253082275,
          "order_count": 5208,
          "rating_count": 1475,
          "platform_created_at": 1619594748,
          "price_updated_at": 1726633344,
          "price_min": 38000,
          "price_max": 38000
        },
        {
          "product_base_id": "1__9933135540__433229",
          "product_name": "Dưỡng mi dầu dừa Sense Plus",
          "url_thumbnail": "https://cf.shopee.vn/file/vn-11134207-7qukw-lfw4jgs9lzsa9d",
          "official_type": 1,
          "brand": "sense plus",
          "shop_platform_name": "Thanh Chân Cosmetics",
          "shop_url": "https://shopee.vn/shop/433229",
          "revenue": 121498200,
          "price": 35000,
          "rating_avg": 4.966636657714844,
          "order_count": 3466,
          "rating_count": 1109,
          "platform_created_at": 1616859966,
          "price_updated_at": 1726633507,
          "price_min": 35000,
          "price_max": 35000
        },
        {
          "product_base_id": "8__1729510757125950290",
          "product_name": "Dầu dừa ép lạnh dầu dừa nguyên chất Kokomori tinh khiết hữu cơ dưỡng tóc dưỡng da dưỡng môi dưỡng mi chính gốc Bến Tre 150ml 250ml và 500ml",
          "url_thumbnail": "https://p16-oec-va.ibyteimg.com/tos-maliva-i-o3syd03w52-us/4f5857e28f39464da2919e4d89293945~tplv-o3syd03w52-resize-jpeg:800:800.jpeg?from=1826719393",
          "official_type": 0,
          "brand": null,
          "shop_platform_name": "Kokomori Store",
          "shop_url": "https://short.metric.vn/shop/8__7494763746036124498",
          "revenue": 173595461,
          "price": 139000,
          "rating_avg": 4.699999809265137,
          "order_count": 2111,
          "rating_count": 378,
          "platform_created_at": null,
          "price_updated_at": 1726917128,
          "price_min": 89000,
          "price_max": 169000
        },
        {
          "product_base_id": "1__25565198192__986722461",
          "product_name": "Dầu dừa Tinh Khiết mỹ phẩm Vietcoco Dưỡng mi 10ml",
          "url_thumbnail": "https://cf.shopee.vn/file/vn-11134207-7r98o-ls6vr7ovnsuc3a",
          "official_type": 1,
          "brand": "vietcoco",
          "shop_platform_name": "Egome Official Store",
          "shop_url": "https://shopee.vn/shop/986722461",
          "revenue": 20251160,
          "price": 31000,
          "rating_avg": 4.938650131225586,
          "order_count": 770,
          "rating_count": 163,
          "platform_created_at": 1708917805,
          "price_updated_at": 1730689118,
          "price_min": 25480,
          "price_max": 31000
        },
        {
          "product_base_id": "1__5781361601__48431454",
          "product_name": "Mascara dầu castor & dầu dừa Naturfarm Mascara dưỡng mi dưỡng lông mày",
          "url_thumbnail": "https://cf.shopee.vn/file/vn-11134207-7r98o-lvzxbaz3k4bf92",
          "official_type": 0,
          "brand": null,
          "shop_platform_name": "TheNaturfarm.Official",
          "shop_url": "https://shopee.vn/shop/48431454",
          "revenue": 69799600,
          "price": 17900,
          "rating_avg": 4.952381134033203,
          "order_count": 4215,
          "rating_count": 1113,
          "platform_created_at": 1615384921,
          "price_updated_at": 1726621257,
          "price_min": 15900,
          "price_max": 22900
        },
        {
          "product_base_id": "2__2410777437",
          "product_name": "Dầu Dừa Nguyên Chất Nhà Làm Dùng Dưỡng Tóc Dưỡng Môi Dưỡng Mi Và Dưỡng Da An Toàn Và",
          "url_thumbnail": "https://filebroker-cdn.lazada.vn/kf/S1db2768704294fccae12a3f8cf941d2eG.jpg",
          "official_type": 0,
          "brand": "No Brand",
          "shop_platform_name": "Yến Vy Bến Tre Shop",
          "shop_url": null,
          "revenue": 15491500,
          "price": 90000,
          "rating_avg": 4.900000095367432,
          "order_count": 213,
          "rating_count": 58,
          "platform_created_at": 1693580461,
          "price_updated_at": 1724394632,
          "price_min": 25000,
          "price_max": 90000
        },
        {
          "product_base_id": "1__530276820__28228365",
          "product_name": "Tinh Dầu Dừa Dưỡng Mi Cong Vút",
          "url_thumbnail": "https://cf.shopee.vn/file/7095330a274ed8de0b451ab50bcddb50",
          "official_type": 0,
          "brand": null,
          "shop_platform_name": "SaLeMyPham89",
          "shop_url": "https://shopee.vn/shop/28228365",
          "revenue": 397651600,
          "price": 8300,
          "rating_avg": 4.909979820251465,
          "order_count": 43500,
          "rating_count": 8899,
          "platform_created_at": 1506609160,
          "price_updated_at": 1726633069,
          "price_min": 8300,
          "price_max": 8300
        },
        {
          "product_base_id": "1__8968960315__19913964",
          "product_name": "DẦU DỪA NGUYÊN CHẤT DƯỠNG MI VIETCOCO 10ml THIẾT KẾ SIÊU TINH TẾ",
          "url_thumbnail": "https://cf.shopee.vn/file/vn-11134207-7qukw-lhf0hn7p9zlx82",
          "official_type": 0,
          "brand": null,
          "shop_platform_name": "shopsautho",
          "shop_url": "https://shopee.vn/shop/19913964",
          "revenue": 15248800,
          "price": 29000,
          "rating_avg": 4.914893627166748,
          "order_count": 589,
          "rating_count": 141,
          "platform_created_at": 1624141227,
          "price_updated_at": 1726635521,
          "price_min": 25000,
          "price_max": 29000
        },
        {
          "product_base_id": "2__1609350828",
          "product_name": "Dưỡng mi dài và dày từ dầu dừa nguyên chấtkích thích mọc michống rụng mi fresh foo &cosmetics",
          "url_thumbnail": "https://vn-live-01.slatic.net/p/c9c5fba76482b4230d77e422b9d7665c.jpg",
          "official_type": 0,
          "brand": "No Brand",
          "shop_platform_name": "Fresh food & Cosmetics",
          "shop_url": null,
          "revenue": 59621285,
          "price": 25000,
          "rating_avg": 4.940000057220459,
          "order_count": 2823,
          "rating_count": 519,
          "platform_created_at": 1637813352,
          "price_updated_at": 1724385161,
          "price_min": 18660,
          "price_max": 25000
        },
        {
          "product_base_id": "2__1227429110",
          "product_name": "Dầu dừa Tinh Khiết Vietcoco dưỡng mi 10ml",
          "url_thumbnail": "https://vn-test-11.slatic.net/p/36fbe3e0f072b01a1f90f19cabcf3113.jpg",
          "official_type": 1,
          "brand": "vietcoco",
          "shop_platform_name": null,
          "shop_url": null,
          "revenue": 58549935,
          "price": 28000,
          "rating_avg": 4.900000095367432,
          "order_count": 2267,
          "rating_count": 434,
          "platform_created_at": 1615544571,
          "price_updated_at": 1730763426,
          "price_min": 23500,
          "price_max": 28000
        },
        {
          "product_base_id": "1__19185221664__59892367",
          "product_name": "Dầu dừa Tinh khiết Ép lạnh Nguyên chất Vietcoco massage dưỡng ẩm dưỡng mi dưỡng môi 30ml",
          "url_thumbnail": "https://cf.shopee.vn/file/vn-11134207-7r98o-lx7qh50qxujdd3",
          "official_type": 0,
          "brand": "vietcoco",
          "shop_platform_name": "Shop Thải Độc Cà Phê",
          "shop_url": "https://shopee.vn/shop/59892367",
          "revenue": 13460000,
          "price": 39000,
          "rating_avg": 4.889763832092285,
          "order_count": 460,
          "rating_count": 127,
          "platform_created_at": 1697244561,
          "price_updated_at": 1726635335,
          "price_min": 39000,
          "price_max": 149000
        },
        {
          "product_base_id": "3__440260__1174",
          "product_name": "Mascara Dầu Dừa Dưỡng Mi Milaganics",
          "url_thumbnail": "https://salt.tikicdn.com/cache/280x280/media/catalog/product/c/o/combo_mascara_d_u_d_a_milaganics_5ml.jpg",
          "official_type": 0,
          "brand": "milaganics",
          "shop_platform_name": "FLORA",
          "shop_url": null,
          "revenue": 131460000,
          "price": 60000,
          "rating_avg": 4.5,
          "order_count": 2191,
          "rating_count": 1682,
          "platform_created_at": 1488097157,
          "price_updated_at": 1730794757,
          "price_min": 60000,
          "price_max": 60000
        },
        {
          "product_base_id": "1__15356262464__160068057",
          "product_name": "Dầu dừa tinh khiết dưỡng mi/dưỡng môi Vietcoco thêm VITAMIN E 10ml Date 15/4/2026 Nhà hữu cơ",
          "url_thumbnail": "https://cf.shopee.vn/file/vn-11134207-7r98o-m0797vibxj3h5f",
          "official_type": 0,
          "brand": "vietcoco",
          "shop_platform_name": "NHÀ HỮU CƠ",
          "shop_url": "https://shopee.vn/shop/160068057",
          "revenue": 17248000,
          "price": 27000,
          "rating_avg": 4.916666507720947,
          "order_count": 646,
          "rating_count": 144,
          "platform_created_at": 1645638620,
          "price_updated_at": 1726697248,
          "price_min": 27000,
          "price_max": 27000
        },
        {
          "product_base_id": "1__26850859670__1210109967",
          "product_name": "Dưỡng Mi Dưỡng Mày Toàn Diện Dưỡng Mi Chắc Khỏe Dài Mascara dưỡng mi giữ ẩm dài mi từ dầu dừa nguyên chất 8ml",
          "url_thumbnail": "https://cf.shopee.vn/file/sg-11134201-7rd5f-lvol5o1cgyg7bc",
          "official_type": 0,
          "brand": "purevess",
          "shop_platform_name": "Gia dụng KaiBe",
          "shop_url": "https://shopee.vn/shop/1210109967",
          "revenue": 11178000,
          "price": 54000,
          "rating_avg": 4.789473533630371,
          "order_count": 207,
          "rating_count": 84,
          "platform_created_at": 1716550486,
          "price_updated_at": 1726698500,
          "price_min": 53000,
          "price_max": 139000
        },
        {
          "product_base_id": "1__3206138006__108223372",
          "product_name": "Combo dưỡng mi & dưỡng môi dầu dừa Purevess giúp dưỡng mi dài và dày hơn giúp môi giảm thâm",
          "url_thumbnail": "https://cf.shopee.vn/file/3e43ae5f6f509ad4058edfc9b495e694",
          "official_type": 0,
          "brand": "purevess",
          "shop_platform_name": "Tinh dầu thiên nhiên Purevess",
          "shop_url": "https://shopee.vn/shop/108223372",
          "revenue": 68289800,
          "price": 69000,
          "rating_avg": 4.930902004241943,
          "order_count": 1172,
          "rating_count": 521,
          "platform_created_at": 1573209999,
          "price_updated_at": 1726700846,
          "price_min": 69000,
          "price_max": 69000
        },
        {
          "product_base_id": "1__13646141550__341693711",
          "product_name": "GELMI COCO Dưỡng mi & mày dài dày DẦU DỪA NHA ĐAM Tặng 1 viên serum tóc",
          "url_thumbnail": "https://cf.shopee.vn/file/vn-11134207-23020-5ohq0c0ewanv83",
          "official_type": 0,
          "brand": "bau krysie",
          "shop_platform_name": "krysiebeaute_q5q8",
          "shop_url": "https://shopee.vn/shop/341693711",
          "revenue": 31163000,
          "price": 50000,
          "rating_avg": 4.945355415344238,
          "order_count": 669,
          "rating_count": 183,
          "platform_created_at": 1636377776,
          "price_updated_at": 1725399877,
          "price_min": 50000,
          "price_max": 50000
        },
        {
          "product_base_id": "3__523827__1",
          "product_name": "Combo Sản Phẩm Milaganics Mascara Dầu Dừa Dưỡng Mi Tinh Chất Dưỡng Môi Lip Gloss Dầu Dừa Tinh Khiết Vitamin E",
          "url_thumbnail": "https://salt.tikicdn.com/cache/280x280/media/catalog/product/l/i/lipgloss 5ml - mascara 5ml - dau dua tinh khiet 100ml-0.u2409.d20160711.t105920.jpg",
          "official_type": 1,
          "brand": "milaganics",
          "shop_platform_name": "Tiki Trading ",
          "shop_url": null,
          "revenue": 105024000,
          "price": 96000,
          "rating_avg": 3.9000000953674316,
          "order_count": 1094,
          "rating_count": 43,
          "platform_created_at": 1488107223,
          "price_updated_at": 1730804823,
          "price_min": 96000,
          "price_max": 96000
        },
        {
          "product_base_id": "1__5434585141__22199117",
          "product_name": "Dầu dừa dưỡng mi dưỡng môi nguyên chất 10ml",
          "url_thumbnail": "https://cf.shopee.vn/file/c84c4c63fe421a2902583888fe53b2d2",
          "official_type": 0,
          "brand": null,
          "shop_platform_name": "cheapnho",
          "shop_url": "https://shopee.vn/shop/22199117",
          "revenue": 34119400,
          "price": 10000,
          "rating_avg": 4.864553451538086,
          "order_count": 3974,
          "rating_count": 1041,
          "platform_created_at": 1589875314,
          "price_updated_at": 1726701701,
          "price_min": 9900,
          "price_max": 10000
        },
        {
          "product_base_id": "3__97049754__149235",
          "product_name": "Mascara Dưỡng Mi Dầu Dừa Nguyên Chất Kích Thích Mi Mọc Dày & Dài Hơn MILAGANICS 5ml",
          "url_thumbnail": "https://salt.tikicdn.com/cache/280x280/ts/product/bb/78/c1/ef2b911982de566b9fa6b847dbde2478.jpg",
          "official_type": 0,
          "brand": "milaganics",
          "shop_platform_name": "Eherb Việt Nam ",
          "shop_url": null,
          "revenue": 43588000,
          "price": 34000,
          "rating_avg": 4.800000190734863,
          "order_count": 1282,
          "rating_count": 348,
          "platform_created_at": 1623755868,
          "price_updated_at": 1730805468,
          "price_min": 34000,
          "price_max": 34000
        },
        {
          "product_base_id": "8__1729449907169758046",
          "product_name": "Mascara Dưỡng Mi Dầu Dừa Dày & Dài Mi An Toàn Lành Tính Thiên Nhiên MILAGANICS 5ml Trang Điểm Cosmetic Mỹ Phẩm Nữ Women jejo mascara",
          "url_thumbnail": "https://p16-oec-va.ibyteimg.com/tos-maliva-i-o3syd03w52-us/4e94f5604950404587a5daa53eb4b2c8~tplv-o3syd03w52-crop-webp:500:500.webp?from=2481794462",
          "official_type": 1,
          "brand": "milaganics",
          "shop_platform_name": "eHerb Viet Nam",
          "shop_url": "https://short.metric.vn/shop/8__7494529979361168222",
          "revenue": 50977312,
          "price": 24300,
          "rating_avg": 4.599999904632568,
          "order_count": 2478,
          "rating_count": 298,
          "platform_created_at": null,
          "price_updated_at": 1730902739,
          "price_min": 243,
          "price_max": 73000
        },
        {
          "product_base_id": "3__687852__1",
          "product_name": "Combo Son Dưỡng Môi Dừa Milaganics 4.5g Mascara Dầu Dừa Dưỡng Mi Milaganics",
          "url_thumbnail": "https://salt.tikicdn.com/cache/280x280/media/catalog/product/3/5/3573392887872_s_01.d20170619.t100457.558867.jpg",
          "official_type": 1,
          "brand": "milaganics",
          "shop_platform_name": "Tiki Trading ",
          "shop_url": null,
          "revenue": 96460000,
          "price": 130000,
          "rating_avg": 4.5,
          "order_count": 742,
          "rating_count": 71,
          "platform_created_at": 1497436552,
          "price_updated_at": 1730802952,
          "price_min": 47000,
          "price_max": 130000
        },
        {
          "product_base_id": "1__9623479958__48431454",
          "product_name": "Mascara dầu dừa dưỡng mi Naturfarm 5ML",
          "url_thumbnail": "https://cf.shopee.vn/file/vn-11134207-7r98o-lvzx578l5lnfc3",
          "official_type": 0,
          "brand": null,
          "shop_platform_name": "TheNaturfarm.Official",
          "shop_url": "https://shopee.vn/shop/48431454",
          "revenue": 71191200,
          "price": 17900,
          "rating_avg": 4.960269451141357,
          "order_count": 4488,
          "rating_count": 1485,
          "platform_created_at": 1615367851,
          "price_updated_at": 1726633406,
          "price_min": 14000,
          "price_max": 17900
        },
        {
          "product_base_id": "1__14374213634__152872415",
          "product_name": "Dầu Dừa Dưỡng Mi SENSE PLUS 8ml",
          "url_thumbnail": "https://cf.shopee.vn/file/vn-11134201-7r98o-lwqz49kjc6r8e9",
          "official_type": 1,
          "brand": "sense plus",
          "shop_platform_name": "Guardian HCM Official Store",
          "shop_url": "https://shopee.vn/shop/152872415",
          "revenue": 33470000,
          "price": 38000,
          "rating_avg": 4.928287029266357,
          "order_count": 915,
          "rating_count": 251,
          "platform_created_at": 1649826441,
          "price_updated_at": 1719876296,
          "price_min": 38000,
          "price_max": 38000
        },
        {
          "product_base_id": "1__17900251281__10594784",
          "product_name": "10ml Dầu dừa tinh khiết dưỡng mi Vietcoco",
          "url_thumbnail": "https://cf.shopee.vn/file/vn-11134211-7r98o-lz02zvufdl0hff",
          "official_type": 0,
          "brand": "vietcoco",
          "shop_platform_name": "Talia's Shop",
          "shop_url": "https://shopee.vn/shop/10594784",
          "revenue": 22534013,
          "price": 29999,
          "rating_avg": 4.927966117858887,
          "order_count": 808,
          "rating_count": 236,
          "platform_created_at": 1644576871,
          "price_updated_at": 1726696069,
          "price_min": 27900,
          "price_max": 29999
        },
        {
          "product_base_id": "1__6617119497__19811952",
          "product_name": "MASCARA DẦU DỪA DƯỠNG MI VÀ CHÂN MÀY",
          "url_thumbnail": "https://cf.shopee.vn/file/vn-11134207-7r98o-lzt1tquf93kdfd",
          "official_type": 0,
          "brand": null,
          "shop_platform_name": "mimi_house_handmadecosmetics",
          "shop_url": "https://shopee.vn/shop/19811952",
          "revenue": 30374900,
          "price": 42000,
          "rating_avg": 4.928740978240967,
          "order_count": 1422,
          "rating_count": 421,
          "platform_created_at": 1581707132,
          "price_updated_at": 1726700300,
          "price_min": 22000,
          "price_max": 42000
        },
        {
          "product_base_id": "1__4710629009__22199117",
          "product_name": "DẦU DỪA NGUYÊN CHẤT DƯỠNG MI VIETCOCO 10ML",
          "url_thumbnail": "https://cf.shopee.vn/file/vn-11134207-7qukw-lhf0hn7ojav514",
          "official_type": 0,
          "brand": "vietcoco",
          "shop_platform_name": "cheapnho",
          "shop_url": "https://shopee.vn/shop/22199117",
          "revenue": 27095250,
          "price": 25000,
          "rating_avg": 4.824034214019775,
          "order_count": 1007,
          "rating_count": 233,
          "platform_created_at": 1575900772,
          "price_updated_at": 1726701714,
          "price_min": 24000,
          "price_max": 35000
        },
        {
          "product_base_id": "1__3216627428__146089653",
          "product_name": "Mascara dưỡng mi giữ ẩm dài mi từ dầu dừa nguyên chất 5ml",
          "url_thumbnail": "https://cf.shopee.vn/file/vn-11134207-7r98o-low9trvo2yqjda",
          "official_type": 0,
          "brand": null,
          "shop_platform_name": "TỔNG KHO MỸ PHẨM 123",
          "shop_url": "https://shopee.vn/shop/146089653",
          "revenue": 13454886,
          "price": 15000,
          "rating_avg": 4.881889820098877,
          "order_count": 593,
          "rating_count": 127,
          "platform_created_at": 1580890067,
          "price_updated_at": 1726635023,
          "price_min": 15000,
          "price_max": 15000
        },
        {
          "product_base_id": "1__1228173463__71334006",
          "product_name": "Dầu Dừa Dưỡng Mi Sense Plus 8ml",
          "url_thumbnail": "https://cf.shopee.vn/file/vn-11134207-7r98o-ln8b2bcmd1w8d6",
          "official_type": 0,
          "brand": "sense plus",
          "shop_platform_name": "sense plus",
          "shop_url": "https://shopee.vn/shop/71334006",
          "revenue": 51933300,
          "price": 19000,
          "rating_avg": 4.924882411956787,
          "order_count": 1381,
          "rating_count": 213,
          "platform_created_at": 1528346485,
          "price_updated_at": 1726634207,
          "price_min": 19000,
          "price_max": 48000
        },
        {
          "product_base_id": "1__7913636646__32140158",
          "product_name": "10 Vỏ chuốt mi nắp bạc 8ml lọ mascara chiết dầu dừa dưỡng mi",
          "url_thumbnail": "https://cf.shopee.vn/file/ca2ba763503d0de88cd36577f73f2533",
          "official_type": 0,
          "brand": null,
          "shop_platform_name": "CHAI LỌ HŨ NHỰA CHIẾT MỸ PHẨM",
          "shop_url": "https://shopee.vn/shop/32140158",
          "revenue": 29123800,
          "price": 58000,
          "rating_avg": 4.913978576660156,
          "order_count": 514,
          "rating_count": 93,
          "platform_created_at": 1577949212,
          "price_updated_at": 1726635225,
          "price_min": 56000,
          "price_max": 58000
        },
        {
          "product_base_id": "1__10192758685__412741369",
          "product_name": "Dầu Dừa Dưỡng Mi SENSE PLUS 8ml",
          "url_thumbnail": "https://cf.shopee.vn/file/4f081f70b2d2f676bb935bd5b35becd0",
          "official_type": 1,
          "brand": "sense plus",
          "shop_platform_name": "Guardian Hà Nội Official Store",
          "shop_url": "https://shopee.vn/shop/412741369",
          "revenue": 7642000,
          "price": 38000,
          "rating_avg": 4.859649181365967,
          "order_count": 227,
          "rating_count": 57,
          "platform_created_at": 1649760313,
          "price_updated_at": 1717251946,
          "price_min": 38000,
          "price_max": 38000
        },
        {
          "product_base_id": "3__687843__1",
          "product_name": "Combo Son Trà Xanh Thiên Nhiên Dưỡng Môi Giảm Thâm Milaganics 4.5g Mascara Dầu Dừa Dưỡng Mi Milaganics",
          "url_thumbnail": "https://salt.tikicdn.com/cache/280x280/media/catalog/product/3/5/3572319208240_s_01.d20170619.t100523.61105.jpg",
          "official_type": 1,
          "brand": "milaganics",
          "shop_platform_name": "Tiki Trading ",
          "shop_url": null,
          "revenue": 63280000,
          "price": 140000,
          "rating_avg": 4.199999809265137,
          "order_count": 452,
          "rating_count": 23,
          "platform_created_at": 1497517915,
          "price_updated_at": 1730797915,
          "price_min": 140000,
          "price_max": 140000
        },
        {
          "product_base_id": "1__22459108226__308984129",
          "product_name": "Dầu dưỡng mi HomeSpa Thành phần thiên nhiên từ dầu dừa dầu oliu Dưỡng mi dài mượt chắc khỏe 5ml",
          "url_thumbnail": "https://cf.shopee.vn/file/vn-11134207-7r98o-lna55jcj44fu29",
          "official_type": 0,
          "brand": null,
          "shop_platform_name": "Home.Spa",
          "shop_url": "https://shopee.vn/shop/308984129",
          "revenue": 6237320,
          "price": 25520,
          "rating_avg": 4.865384578704834,
          "order_count": 247,
          "rating_count": 52,
          "platform_created_at": 1698242740,
          "price_updated_at": 1725408415,
          "price_min": 25520,
          "price_max": 25520
        },
        {
          "product_base_id": "3__687873__1",
          "product_name": "Combo Son Gấc Thiên Nhiên Dưỡng Môi Giảm Thâm Milaganics 4.5g Mascara Dầu Dừa Dưỡng Mi Milaganics",
          "url_thumbnail": "https://salt.tikicdn.com/cache/280x280/media/catalog/product/3/5/3578360277150_s_01.d20170619.t100448.756256.jpg",
          "official_type": 1,
          "brand": "milaganics",
          "shop_platform_name": "Tiki Trading ",
          "shop_url": null,
          "revenue": 59276000,
          "price": 116000,
          "rating_avg": 4.5,
          "order_count": 511,
          "rating_count": 38,
          "platform_created_at": 1497434976,
          "price_updated_at": 1730801376,
          "price_min": 116000,
          "price_max": 116000
        },
        {
          "product_base_id": "3__440260__132661",
          "product_name": "Mascara Dầu Dừa Dưỡng Mi Milaganics",
          "url_thumbnail": "https://salt.tikicdn.com/cache/280x280/media/catalog/product/c/o/combo_mascara_d_u_d_a_milaganics_5ml.jpg",
          "official_type": 0,
          "brand": "milaganics",
          "shop_platform_name": "Milaganics Official Store",
          "shop_url": null,
          "revenue": 58140000,
          "price": 60000,
          "rating_avg": 4.5,
          "order_count": 969,
          "rating_count": 1682,
          "platform_created_at": 1488092649,
          "price_updated_at": 1730790249,
          "price_min": 60000,
          "price_max": 60000
        },
        {
          "product_base_id": "8__1729581964959582929",
          "product_name": "Dầu Dừa Dưỡng Mi Từ Dầu Dừa Ép Lạnh Nguyên Chất Serum Dưỡng Mi Mascara Làm Dày Mi Và Dưỡng Mi Dài",
          "url_thumbnail": "https://p19-oec-va.ibyteimg.com/tos-maliva-i-o3syd03w52-us/b95c00b72d1c4da99792295321715105~tplv-o3syd03w52-crop-webp:500:500.webp?from=2481794462",
          "official_type": 0,
          "brand": null,
          "shop_platform_name": "Mịn Màng Việt Nam",
          "shop_url": "https://short.metric.vn/shop/8__7494648176140978897",
          "revenue": 9407331,
          "price": 29000,
          "rating_avg": 4.800000190734863,
          "order_count": 407,
          "rating_count": 46,
          "platform_created_at": null,
          "price_updated_at": 1730883977,
          "price_min": 290,
          "price_max": 58000
        },
        {
          "product_base_id": "1__23123201701__252481472",
          "product_name": "Vỏ cây chuốt mi Vỏ dưỡng mi cây đựng dầu dừa",
          "url_thumbnail": "https://cf.shopee.vn/file/sg-11134201-23020-m8xh5b875cnv06",
          "official_type": 0,
          "brand": null,
          "shop_platform_name": "kho hàng Anna",
          "shop_url": "https://shopee.vn/shop/252481472",
          "revenue": 10467100,
          "price": 7300,
          "rating_avg": 4.856353759765625,
          "order_count": 1435,
          "rating_count": 181,
          "platform_created_at": 1676008993,
          "price_updated_at": 1726715079,
          "price_min": 5000,
          "price_max": 7300
        },
        {
          "product_base_id": "1__23268576991__398315087",
          "product_name": "Dầu Dừa Hữu Cơ Phân Đoạn Nguyên Chất Dưỡng Mi Mày dài trông thấy chỉ sau 2 tuần CHILAB",
          "url_thumbnail": "https://cf.shopee.vn/file/vn-11134207-7ras8-m0dabrmbeu8f8d",
          "official_type": 0,
          "brand": null,
          "shop_platform_name": "Mỹ Phẩm & Mẹ Bé Chính Hãng",
          "shop_url": "https://shopee.vn/shop/398315087",
          "revenue": 5032600,
          "price": 11900,
          "rating_avg": 5.0,
          "order_count": 195,
          "rating_count": 20,
          "platform_created_at": 1684762512,
          "price_updated_at": 1726637870,
          "price_min": 11900,
          "price_max": 30000
        },
        {
          "product_base_id": "1__6025130093__238493362",
          "product_name": "mascara dầu dừa dưỡng mi 10ml",
          "url_thumbnail": "https://cf.shopee.vn/file/199a37457d8403cd2d640949e96ac4d8",
          "official_type": 0,
          "brand": null,
          "shop_platform_name": "truongangroup",
          "shop_url": "https://shopee.vn/shop/238493362",
          "revenue": 24419600,
          "price": 5300,
          "rating_avg": 4.769008636474609,
          "order_count": 4355,
          "rating_count": 1040,
          "platform_created_at": 1586256233,
          "price_updated_at": 1726633423,
          "price_min": 5300,
          "price_max": 9000
        },
        {
          "product_base_id": "2__508694819",
          "product_name": "Chuốt mi dầu dừa dưỡng mi cong nguyên chất 100",
          "url_thumbnail": "https://vn-live-01.slatic.net/p/6a60ca9500edc935cf6ee412d502f658.jpg",
          "official_type": 0,
          "brand": "No Brand",
          "shop_platform_name": "Ling Organic",
          "shop_url": null,
          "revenue": 184398162,
          "price": 10000,
          "rating_avg": 4.880000114440918,
          "order_count": 18462,
          "rating_count": 2274,
          "platform_created_at": 1586501534,
          "price_updated_at": 1724385161,
          "price_min": 10000,
          "price_max": 10000
        },
        {
          "product_base_id": "1__23488853236__1098853927",
          "product_name": "Serum dưỡng mi mày Hapuganic Giúp mi và mày chắc khỏe cong dài từ dầu dừa và bồ kết",
          "url_thumbnail": "https://cf.shopee.vn/file/vn-11134207-7r98o-lphdypj9wggrbc",
          "official_type": 1,
          "brand": "hapuganic",
          "shop_platform_name": "Hapuganic Làm Đẹp Thiên Nhiên",
          "shop_url": "https://shopee.vn/shop/1098853927",
          "revenue": 4740000,
          "price": 20000,
          "rating_avg": 4.888888835906982,
          "order_count": 237,
          "rating_count": 54,
          "platform_created_at": 1703139240,
          "price_updated_at": 1726636576,
          "price_min": 20000,
          "price_max": 89000
        },
        {
          "product_base_id": "1__1002929950__9337693",
          "product_name": "Dầu Dừa Nguyên Chất 100 Làm Đẹp & Dưỡng Mi",
          "url_thumbnail": "https://cf.shopee.vn/file/d6febf22d2a2d2a95c52df9194047ec8",
          "official_type": 0,
          "brand": null,
          "shop_platform_name": "NAPO Bột Thiên Nhiên",
          "shop_url": "https://shopee.vn/shop/9337693",
          "revenue": 29497500,
          "price": 15000,
          "rating_avg": 4.929824352264404,
          "order_count": 1271,
          "rating_count": 456,
          "platform_created_at": 1521631609,
          "price_updated_at": 1726634308,
          "price_min": 15000,
          "price_max": 35000
        },
        {
          "product_base_id": "1__24369039068__1206405605",
          "product_name": "Dưỡng mi dầu dừa mascara dưỡng mi Healthy Hair 100 nguyên chất dưỡng mi dưỡng mày dày và dài hơn 10ml",
          "url_thumbnail": "https://cf.shopee.vn/file/vn-11134207-7r98o-lsv5cbhf5ltwe1",
          "official_type": 0,
          "brand": null,
          "shop_platform_name": "TIỆM TÓC HEALTHY ",
          "shop_url": "https://shopee.vn/shop/1206405605",
          "revenue": 4185600,
          "price": 18000,
          "rating_avg": 4.948276042938232,
          "order_count": 247,
          "rating_count": 58,
          "platform_created_at": 1710410684,
          "price_updated_at": 1725407125,
          "price_min": 18000,
          "price_max": 18000
        },
        {
          "product_base_id": "1__15798822274__136526768",
          "product_name": "SERUM DẦU DỪA DƯỠNG MI GIÚP MI MỌC DÀI VÀ DÀY HƠN",
          "url_thumbnail": "https://cf.shopee.vn/file/vn-11134207-7r98o-lslokf6rsfixd6",
          "official_type": 0,
          "brand": "Phương Anh Cosmetic",
          "shop_platform_name": "LC Shop EmoSIim by Fen",
          "shop_url": "https://shopee.vn/shop/136526768",
          "revenue": 5221000,
          "price": 25000,
          "rating_avg": 4.911764621734619,
          "order_count": 121,
          "rating_count": 34,
          "platform_created_at": 1684703067,
          "price_updated_at": 1726697362,
          "price_min": 25000,
          "price_max": 40000
        },
        {
          "product_base_id": "1__8023292284__75873010",
          "product_name": "Chuốt Mi Dầu Dừa dưỡng mi cong vút Loại 10ml",
          "url_thumbnail": "https://cf.shopee.vn/file/4e047bf478f9724e08edc4e5bace3352",
          "official_type": 0,
          "brand": null,
          "shop_platform_name": "Serum Trị Mụn Mimosa",
          "shop_url": "https://shopee.vn/shop/75873010",
          "revenue": 11643800,
          "price": 9000,
          "rating_avg": 4.918919086456299,
          "order_count": 1464,
          "rating_count": 481,
          "platform_created_at": 1615347608,
          "price_updated_at": 1726703444,
          "price_min": 8900,
          "price_max": 9000
        },
        {
          "product_base_id": "3__97049754__1",
          "product_name": "Mascara Dưỡng Mi Dầu Dừa Nguyên Chất Kích Thích Mi Mọc Dày & Dài Hơn MILAGANICS 5ml",
          "url_thumbnail": "https://salt.tikicdn.com/cache/280x280/ts/product/bb/78/c1/ef2b911982de566b9fa6b847dbde2478.jpg",
          "official_type": 1,
          "brand": "milaganics",
          "shop_platform_name": "Tiki Trading ",
          "shop_url": null,
          "revenue": 17476000,
          "price": 34000,
          "rating_avg": 4.800000190734863,
          "order_count": 514,
          "rating_count": 348,
          "platform_created_at": 1623757337,
          "price_updated_at": 1730806937,
          "price_min": 23000,
          "price_max": 34000
        },
        {
          "product_base_id": "1__11797613285__77247645",
          "product_name": "Dầu dừa dưỡng môi dưỡng mi tinh khiết ép lạnh Vietcoco",
          "url_thumbnail": "https://cf.shopee.vn/file/b60746b7d5a048e2508e7f2493993f63",
          "official_type": 0,
          "brand": "vietcoco",
          "shop_platform_name": "Oma Mart (Organic Mart)",
          "shop_url": "https://shopee.vn/shop/77247645",
          "revenue": 9401000,
          "price": 32000,
          "rating_avg": 4.909090995788574,
          "order_count": 319,
          "rating_count": 66,
          "platform_created_at": 1660970562,
          "price_updated_at": 1726695719,
          "price_min": 32000,
          "price_max": 32000
        },
        {
          "product_base_id": "8__1729568159943854942",
          "product_name": "Toner Hoa Cúc & AHA 5 Chăm Sóc Da Mụn MILAGANICS 250ml Tặng Mascara Dưỡng Mi Dầu Dừa 5ml Làm Đẹp Da Skincare Dưỡng Ẩm Da Dưỡng Da Mặt Nữ Women",
          "url_thumbnail": "https://p16-oec-va.ibyteimg.com/tos-maliva-i-o3syd03w52-us/ba82195aa6b740e9a60cfc6fda74a3d0~tplv-o3syd03w52-resize-jpeg:800:800.jpeg?from=1826719393",
          "official_type": 1,
          "brand": "milaganics",
          "shop_platform_name": "eHerb Viet Nam",
          "shop_url": "https://short.metric.vn/shop/8__7494529979361168222",
          "revenue": 4159897,
          "price": 67000,
          "rating_avg": 4.699999809265137,
          "order_count": 40,
          "rating_count": 58,
          "platform_created_at": null,
          "price_updated_at": 1710351326,
          "price_min": 67000,
          "price_max": 109000
        },
        {
          "product_base_id": "1__2364609416__81030050",
          "product_name": "Dầu Dừa Dưỡng Mi Coco Baukrysie",
          "url_thumbnail": "https://cf.shopee.vn/file/vn-11134207-7r98o-lmieggn60p9bf5",
          "official_type": 0,
          "brand": "bau krysie",
          "shop_platform_name": "Bani Beauty",
          "shop_url": "https://shopee.vn/shop/81030050",
          "revenue": 54051500,
          "price": 50000,
          "rating_avg": 4.956011772155762,
          "order_count": 1160,
          "rating_count": 341,
          "platform_created_at": 1561709147,
          "price_updated_at": 1719554144,
          "price_min": 50000,
          "price_max": 50000
        },
        {
          "product_base_id": "1__25253267156__1104100998",
          "product_name": "Dưỡng Mi Dài Dầu Dừa Nguyên Chất Mascara Serum Chuốt Dưỡng Mi Mày Với Thiết Kế Không Dính Vào Mắt",
          "url_thumbnail": "https://cf.shopee.vn/file/vn-11134207-7r98o-lp62hm1ujhvy66",
          "official_type": 0,
          "brand": "NÊLA VIETNAM",
          "shop_platform_name": "Nếp Làng Việt Nam",
          "shop_url": "https://shopee.vn/shop/1104100998",
          "revenue": 3596000,
          "price": 29000,
          "rating_avg": 5.0,
          "order_count": 121,
          "rating_count": 30,
          "platform_created_at": 1702355439,
          "price_updated_at": 1725412866,
          "price_min": 29000,
          "price_max": 29000
        },
        {
          "product_base_id": "2__2114249191",
          "product_name": "Mỹ Phẩm dầu dừa tinh khiết Vietcoco Vitamin E nguyên chất ép lạnh dưỡng tóc dưỡng mi.....",
          "url_thumbnail": "https://vn-live-01.slatic.net/p/5b8c87884084931f4d4a7e81377f5a59.jpg",
          "official_type": 0,
          "brand": "vietcoco",
          "shop_platform_name": "SIÊU THỊ ONLINE eMART",
          "shop_url": null,
          "revenue": 4117220,
          "price": 35000,
          "rating_avg": 5.0,
          "order_count": 118,
          "rating_count": 24,
          "platform_created_at": 1670474364,
          "price_updated_at": 1724403681,
          "price_min": 32305,
          "price_max": 99000
        },
        {
          "product_base_id": "8__1729588458062448976",
          "product_name": "Mascara Dưỡng mi dầu dừa hỗ trợ mi chắc khỏe giúp mi dài và dày Nữ Cosmetic",
          "url_thumbnail": "https://p16-oec-va.ibyteimg.com/tos-maliva-i-o3syd03w52-us/4658ae0069914f18b673a4362757b84a~tplv-o3syd03w52-crop-webp:500:500.webp?from=2481794462",
          "official_type": 1,
          "brand": null,
          "shop_platform_name": "Sunstore office",
          "shop_url": "https://short.metric.vn/shop/8__7494926598761580880",
          "revenue": 3747266,
          "price": 19800,
          "rating_avg": 4.599999904632568,
          "order_count": 264,
          "rating_count": 31,
          "platform_created_at": null,
          "price_updated_at": 1730873276,
          "price_min": 1,
          "price_max": 51900
        },
        {
          "product_base_id": "1__11386254674__76965128",
          "product_name": "Mascara Dưỡng Mi Dầu Dừa Nguyên Chất Rakisuta 5ml",
          "url_thumbnail": "https://cf.shopee.vn/file/cd8ba675cd2789ef5effc5413e51ce8c",
          "official_type": 0,
          "brand": null,
          "shop_platform_name": "MỸ PHẨM MIHA",
          "shop_url": "https://shopee.vn/shop/76965128",
          "revenue": 7137000,
          "price": 26000,
          "rating_avg": 4.887640476226807,
          "order_count": 286,
          "rating_count": 89,
          "platform_created_at": 1644233455,
          "price_updated_at": 1726623836,
          "price_min": 24000,
          "price_max": 26000
        },
        {
          "product_base_id": "1__19373311981__289251819",
          "product_name": "Dầu dừa tinh khiết dưỡng mi/dưỡng môi Vietcoco thêm VITAMIN E 10ml Nhà hữu cơ",
          "url_thumbnail": "https://cf.shopee.vn/file/vn-11134207-7r98o-m08jfv99mc274c",
          "official_type": 0,
          "brand": "vietcoco",
          "shop_platform_name": "NHÀ HỮU CƠ - MẸ VÀ BÉ",
          "shop_url": "https://shopee.vn/shop/289251819",
          "revenue": 3449000,
          "price": 27000,
          "rating_avg": 4.962963104248047,
          "order_count": 130,
          "rating_count": 27,
          "platform_created_at": 1676388272,
          "price_updated_at": 1726637743,
          "price_min": 25000,
          "price_max": 27000
        },
        {
          "product_base_id": "1__14913642791__29559718",
          "product_name": "Mascara Dầu Dừa Nguyên Chất Dưỡng Mi Rakisuta 5ml",
          "url_thumbnail": "https://cf.shopee.vn/file/e79af727c1688cf70e47f62a1c4397da",
          "official_type": 0,
          "brand": null,
          "shop_platform_name": "Bối Bối Shop",
          "shop_url": "https://shopee.vn/shop/29559718",
          "revenue": 11444000,
          "price": 28000,
          "rating_avg": 4.890410900115967,
          "order_count": 448,
          "rating_count": 146,
          "platform_created_at": 1638859936,
          "price_updated_at": 1726635381,
          "price_min": 25000,
          "price_max": 28000
        },
        {
          "product_base_id": "1__23984164940__1097317423",
          "product_name": "Dầu dừa tinh khiết dưỡng môi/dưỡng mi Thêm VITAMIN E Vietcoco Date 9/2025 Nhà hữu cơ",
          "url_thumbnail": "https://cf.shopee.vn/file/vn-11134207-7r98o-m05ro3v1fx0t86",
          "official_type": 0,
          "brand": "vietcoco",
          "shop_platform_name": "nhahuuco4",
          "shop_url": "https://shopee.vn/shop/1097317423",
          "revenue": 2970000,
          "price": 27000,
          "rating_avg": 5.0,
          "order_count": 110,
          "rating_count": 21,
          "platform_created_at": 1697877483,
          "price_updated_at": 1726640249,
          "price_min": 27000,
          "price_max": 27000
        },
        {
          "product_base_id": "1__17371876098__230374458",
          "product_name": "Mascara Dầu Dừa Dưỡng Mi Mày Chắc Khỏe Sau 7 Ngày 10ml",
          "url_thumbnail": "https://cf.shopee.vn/file/vn-11134207-7r98o-lzgf2bt0h76p63",
          "official_type": 0,
          "brand": null,
          "shop_platform_name": "TỔNG KHO MỸ PHẨM SHOP9X",
          "shop_url": "https://shopee.vn/shop/230374458",
          "revenue": 13159000,
          "price": 35000,
          "rating_avg": 4.930434703826904,
          "order_count": 363,
          "rating_count": 115,
          "platform_created_at": 1654009384,
          "price_updated_at": 1726700831,
          "price_min": 33000,
          "price_max": 35000
        },
        {
          "product_base_id": "1__16904422694__199740429",
          "product_name": "Dầu dừa tinh khiết VIETCOCO",
          "url_thumbnail": "https://cf.shopee.vn/file/0610a46816c254b4333d2919ba7b6d9e",
          "official_type": 0,
          "brand": "vietcoco",
          "shop_platform_name": "Xuz Shop",
          "shop_url": "https://shopee.vn/shop/199740429",
          "revenue": 4873000,
          "price": 27000,
          "rating_avg": 4.924528121948242,
          "order_count": 180,
          "rating_count": 53,
          "platform_created_at": 1645090948,
          "price_updated_at": 1726801425,
          "price_min": 27000,
          "price_max": 27600
        },
        {
          "product_base_id": "1__16586478807__614402965",
          "product_name": "Serum Dưỡng Mi Mày Dầu Dừa Tươi 5ml Mi Dài Trông Thấy Chỉ Sau 2 Tuần",
          "url_thumbnail": "https://cf.shopee.vn/file/vn-11134207-7r98o-lulrqyzjxq91f3",
          "official_type": 0,
          "brand": "Coboté",
          "shop_platform_name": "H.A.M.Y",
          "shop_url": "https://shopee.vn/shop/614402965",
          "revenue": 6084800,
          "price": 54000,
          "rating_avg": 4.791666507720947,
          "order_count": 73,
          "rating_count": 24,
          "platform_created_at": 1664372365,
          "price_updated_at": 1726638804,
          "price_min": 49000,
          "price_max": 75000
        },
        {
          "product_base_id": "2__1610049153",
          "product_name": "Dưỡng mi dài và dày từ dầu dừa nguyên chất kich thích mọc mi chống rụng mi 10ml sunstore17",
          "url_thumbnail": "https://vn-live-01.slatic.net/p/01c55697345397132cda79ba23da7a2c.jpg",
          "official_type": 0,
          "brand": "No Brand",
          "shop_platform_name": "sunstore17",
          "shop_url": null,
          "revenue": 9503946,
          "price": 25000,
          "rating_avg": 5.0,
          "order_count": 397,
          "rating_count": 76,
          "platform_created_at": 1637834286,
          "price_updated_at": 1724377475,
          "price_min": 22900,
          "price_max": 25000
        },
        {
          "product_base_id": "1__4416393558__9028711",
          "product_name": "Dầu dừa ép lạnh nguyên chất dưỡng tóc dưỡng mi làm mềm da",
          "url_thumbnail": "https://cf.shopee.vn/file/vn-11134207-7r98o-lzadurt1ewjx92",
          "official_type": 0,
          "brand": "Bambi",
          "shop_platform_name": "Bimore - Mỹ Phẩm Xanh",
          "shop_url": "https://shopee.vn/shop/9028711",
          "revenue": 10088000,
          "price": 70000,
          "rating_avg": 4.92307710647583,
          "order_count": 165,
          "rating_count": 52,
          "platform_created_at": 1580788549,
          "price_updated_at": 1726636844,
          "price_min": 70000,
          "price_max": 90000
        },
        {
          "product_base_id": "1__9530845038__178533868",
          "product_name": "Mascara Dầu Dừa Dưỡng Mi Dài Tự Nhiên Handmade",
          "url_thumbnail": "https://cf.shopee.vn/file/d730530431e01aa25f4b80c30629eb5b",
          "official_type": 0,
          "brand": null,
          "shop_platform_name": "Baonhu_handmade",
          "shop_url": "https://shopee.vn/shop/178533868",
          "revenue": 12123090,
          "price": 15500,
          "rating_avg": 4.956080913543701,
          "order_count": 841,
          "rating_count": 296,
          "platform_created_at": 1616518345,
          "price_updated_at": 1726634710,
          "price_min": 15500,
          "price_max": 15500
        },
        {
          "product_base_id": "8__1729638613606960027",
          "product_name": "Dầu Dừa Hữu Cơ Nguyên Chất Ép Lạnh 500ml CoCo Secret Dưỡng Tóc Dưỡng Môi Dưỡng Mi",
          "url_thumbnail": "https://p16-oec-va.ibyteimg.com/tos-maliva-i-o3syd03w52-us/48d7ae8ab7d74aa5bf3424c5942e3beb~tplv-o3syd03w52-resize-jpeg:800:800.jpeg?from=1826719393",
          "official_type": 0,
          "brand": "coco secret",
          "shop_platform_name": "BeautyU Store - Natural Products",
          "shop_url": "https://short.metric.vn/shop/8__7494600749019138971",
          "revenue": 2542000,
          "price": 148000,
          "rating_avg": 5.0,
          "order_count": 22,
          "rating_count": 1,
          "platform_created_at": null,
          "price_updated_at": 1727075351,
          "price_min": 129000,
          "price_max": 148000
        },
        {
          "product_base_id": "2__361304046",
          "product_name": "Dưỡng mi dài dưỡng mi dầu dừa dưỡng mi và lông mày mascara dưỡng mi Purevess gian",
          "url_thumbnail": "https://vn-live-01.slatic.net/p/2172b03a51da2ff4c0bbcec252592722.png",
          "official_type": 1,
          "brand": "purevess",
          "shop_platform_name": "Purevess",
          "shop_url": null,
          "revenue": 130560836,
          "price": 129000,
          "rating_avg": 4.883647918701172,
          "order_count": 2793,
          "rating_count": 636,
          "platform_created_at": 1572429605,
          "price_updated_at": 1724372287,
          "price_min": 43438,
          "price_max": 129000
        },
        {
          "product_base_id": "1__3844976823__290453087",
          "product_name": "Dầu dừa dưỡng mi Minh Thư mascara dầu dừa dưỡng mi 100 từ dầu dừa ép lạnh thiên nhiên",
          "url_thumbnail": "https://cf.shopee.vn/file/vn-11134207-7ras8-m0emjbc9wmb1d3",
          "official_type": 0,
          "brand": null,
          "shop_platform_name": "Minh Thư Natural",
          "shop_url": "https://shopee.vn/shop/290453087",
          "revenue": 10804000,
          "price": 25000,
          "rating_avg": 5.0,
          "order_count": 432,
          "rating_count": 114,
          "platform_created_at": 1596506759,
          "price_updated_at": 1726635444,
          "price_min": 7000,
          "price_max": 25000
        },
        {
          "product_base_id": "2__1239624543",
          "product_name": "Mascara Dầu Dừa Dưỡng Mi Dưỡng Mi Dài Và Cong Chuốt Mi Dầu Dừa MILAGANICS 5ml",
          "url_thumbnail": "https://vn-live-01.slatic.net/p/ba2fd49ab9d4bc00e348f3b096f6785a.png",
          "official_type": 0,
          "brand": "milaganics",
          "shop_platform_name": "eHerb.vn",
          "shop_url": null,
          "revenue": 89175475,
          "price": 74000,
          "rating_avg": 4.9175944328308105,
          "order_count": 2272,
          "rating_count": 449,
          "platform_created_at": 1616301984,
          "price_updated_at": 1724385161,
          "price_min": 15000,
          "price_max": 74000
        },
        {
          "product_base_id": "1__10492121916__728033685",
          "product_name": "Mascara Dưỡng Mi Dầu Dừa Dầu dừa nguyên chất thiên nhiên Nhà cô ba kích thích mọc mi dày & dài hơn 10ml",
          "url_thumbnail": "https://cf.shopee.vn/file/vn-11134207-7r98o-lwi2znkavwt741",
          "official_type": 0,
          "brand": null,
          "shop_platform_name": "DẦU GỘI BỒ KẾT - NHÀ CÔ BA",
          "shop_url": "https://shopee.vn/shop/728033685",
          "revenue": 19117498,
          "price": 59000,
          "rating_avg": 4.941314697265625,
          "order_count": 1156,
          "rating_count": 426,
          "platform_created_at": 1649251712,
          "price_updated_at": 1726634380,
          "price_min": 15000,
          "price_max": 59000
        },
        {
          "product_base_id": "1__15500675751__76019913",
          "product_name": "Dưỡng mi Chuốt mi dầu dừa Nhà nấu / Loại 10ml giúp mi dài nhanh và cong hơn",
          "url_thumbnail": "https://cf.shopee.vn/file/vn-11134207-7qukw-lgucq2grsapef0",
          "official_type": 0,
          "brand": null,
          "shop_platform_name": "Mua hàng online 24h",
          "shop_url": "https://shopee.vn/shop/76019913",
          "revenue": 6470485,
          "price": 14500,
          "rating_avg": 4.899280548095703,
          "order_count": 471,
          "rating_count": 139,
          "platform_created_at": 1637122267,
          "price_updated_at": 1726631821,
          "price_min": 11500,
          "price_max": 14500
        },
        {
          "product_base_id": "3__872553__1097",
          "product_name": "Dầu Dừa Dưỡng Mi Sense",
          "url_thumbnail": "https://salt.tikicdn.com/cache/280x280/ts/product/02/dd/72/e6bf646880666b3775e7436cb43479a6.jpg",
          "official_type": 0,
          "brand": "sense plus",
          "shop_platform_name": "SENSE PLUS",
          "shop_url": null,
          "revenue": 20786000,
          "price": 38000,
          "rating_avg": 4.599999904632568,
          "order_count": 547,
          "rating_count": 38,
          "platform_created_at": 1511595855,
          "price_updated_at": 1730792655,
          "price_min": 38000,
          "price_max": 38000
        },
        {
          "product_base_id": "3__440261__1174",
          "product_name": "Combo Mascara Dầu Dừa Dưỡng Mi Milaganics Tinh Chất Dưỡng Môi Lip Gloss Milaganics",
          "url_thumbnail": "https://salt.tikicdn.com/cache/280x280/media/catalog/product/1/5/155043-combo-duong-mi-duong-moi-body-_3_.jpg",
          "official_type": 0,
          "brand": "milaganics",
          "shop_platform_name": "FLORA",
          "shop_url": null,
          "revenue": 22140000,
          "price": 82000,
          "rating_avg": 4.300000190734863,
          "order_count": 270,
          "rating_count": 1171,
          "platform_created_at": 1488098105,
          "price_updated_at": 1730795705,
          "price_min": 82000,
          "price_max": 82000
        },
        {
          "product_base_id": "2__1314188520",
          "product_name": "Dầu Dừa Ép Lạnh Nguyên Chất Heebee Dưỡng Mi Dưỡng Tóc và Da 50ml & 150ml Heebee",
          "url_thumbnail": "https://vn-live-01.slatic.net/p/2c97dfcf09ec7fefbac890c603ccdd56.jpg",
          "official_type": 1,
          "brand": "heebee vietnam",
          "shop_platform_name": "heebeevietnam",
          "shop_url": null,
          "revenue": 7015020,
          "price": 250000,
          "rating_avg": 5.0,
          "order_count": 41,
          "rating_count": 10,
          "platform_created_at": 1621252265,
          "price_updated_at": 1724415716,
          "price_min": 90000,
          "price_max": 275000
        },
        {
          "product_base_id": "1__15228984621__640073810",
          "product_name": "Dưỡng mi dài và dày từ dầu dừa nguyên chấtkích thích mọc michống rụng mi 10ml SUNSTORE.OFFICE",
          "url_thumbnail": "https://cf.shopee.vn/file/4d6f93fc213a3644ff7b438349c603b3",
          "official_type": 0,
          "brand": null,
          "shop_platform_name": "sunstore.office",
          "shop_url": "https://shopee.vn/shop/640073810",
          "revenue": 5967400,
          "price": 22000,
          "rating_avg": 4.912087917327881,
          "order_count": 269,
          "rating_count": 91,
          "platform_created_at": 1640941596,
          "price_updated_at": 1726718276,
          "price_min": 18000,
          "price_max": 25000
        },
        {
          "product_base_id": "8__1729428655121991776",
          "product_name": "Dầu dừa ép lạnh nguyên chất Coco Secret 500ml dầu dừa tinh khiết dưỡng tóc dưỡng mi giảm rạn da dầu dừa Bến Tre",
          "url_thumbnail": "https://p16-oec-va.ibyteimg.com/tos-maliva-i-o3syd03w52-us/19905cdb3c5a456ebc62805cba25c7fe~tplv-o3syd03w52-crop-webp:500:500.webp?from=2481794462",
          "official_type": 0,
          "brand": "coco secret",
          "shop_platform_name": "Khỏe Đẹp 24h.",
          "shop_url": "https://short.metric.vn/shop/8__7494609232426272864",
          "revenue": 2574600,
          "price": 119500,
          "rating_avg": 3.0,
          "order_count": 20,
          "rating_count": 4,
          "platform_created_at": null,
          "price_updated_at": 1730867227,
          "price_min": 96000,
          "price_max": 150000
        },
        {
          "product_base_id": "2__1616681929",
          "product_name": "Dưỡng MiMôi bằng dầu dừa nguyên chất dưỡng mi dài và dày dưỡng ẩm làm mờ thâm môi chống khô môi sunstore17",
          "url_thumbnail": "https://vn-live-01.slatic.net/p/08253e0e8afc3235cb42976c22c7a752.jpg",
          "official_type": 0,
          "brand": "No Brand",
          "shop_platform_name": "sunstore17",
          "shop_url": null,
          "revenue": 7955042,
          "price": 60000,
          "rating_avg": 5.0,
          "order_count": 202,
          "rating_count": 52,
          "platform_created_at": 1638234677,
          "price_updated_at": 1724393397,
          "price_min": 36100,
          "price_max": 60000
        },
        {
          "product_base_id": "3__1934941__2199",
          "product_name": "Mascara Dưỡng Mi Dầu Dừa Nguyên Chất 100 One4One",
          "url_thumbnail": "https://salt.tikicdn.com/cache/280x280/ts/product/22/37/9c/5436131083b2395214aa170889855f74.jpg",
          "official_type": 0,
          "brand": "one4one",
          "shop_platform_name": "One4One ",
          "shop_url": null,
          "revenue": 15630000,
          "price": 30000,
          "rating_avg": 4.5,
          "order_count": 521,
          "rating_count": 21,
          "platform_created_at": 1538824887,
          "price_updated_at": 1730805687,
          "price_min": 30000,
          "price_max": 30000
        },
        {
          "product_base_id": "1__5226576585__16498542",
          "product_name": "Combo 10 Chuốt mi dầu dừa dưỡng mi cong nguyên chất 100",
          "url_thumbnail": "https://cf.shopee.vn/file/150c8594a8bb63ffb209d35532504fb6",
          "official_type": 0,
          "brand": null,
          "shop_platform_name": "Ling Organic",
          "shop_url": "https://shopee.vn/shop/16498542",
          "revenue": 28464470,
          "price": 95000,
          "rating_avg": 4.958333492279053,
          "order_count": 305,
          "rating_count": 48,
          "platform_created_at": 1586610001,
          "price_updated_at": 1726791840,
          "price_min": 95000,
          "price_max": 95000
        },
        {
          "product_base_id": "3__440261__149235",
          "product_name": "Combo Mascara Dầu Dừa Dưỡng Mi Milaganics Tinh Chất Dưỡng Môi Lip Gloss Milaganics",
          "url_thumbnail": "https://salt.tikicdn.com/cache/280x280/media/catalog/product/1/5/155043-combo-duong-mi-duong-moi-body-_3_.jpg",
          "official_type": 0,
          "brand": "milaganics",
          "shop_platform_name": "Eherb Việt Nam ",
          "shop_url": null,
          "revenue": 19106000,
          "price": 82000,
          "rating_avg": 4.300000190734863,
          "order_count": 233,
          "rating_count": 1171,
          "platform_created_at": 1488099078,
          "price_updated_at": 1730796678,
          "price_min": 42000,
          "price_max": 82000
        },
        {
          "product_base_id": "2__252525048",
          "product_name": "Dầu Dừa Nguyên Chất Ép Lạnh Coco Secret 500ml dầu dừa tinh khiết dưỡng tóc dưỡng mi giảm rạn da dầu dừa Bến Tre",
          "url_thumbnail": "https://vn-test-11.slatic.net/p/bd9d60e9d8a1c55100e7d3833a1cb6bf.png",
          "official_type": 0,
          "brand": "coco secret",
          "shop_platform_name": "KHỎE ĐẸP 24/7",
          "shop_url": null,
          "revenue": 10694090,
          "price": 140000,
          "rating_avg": 5.0,
          "order_count": 79,
          "rating_count": 11,
          "platform_created_at": 1569211208,
          "price_updated_at": 1723627359,
          "price_min": 140000,
          "price_max": 140000
        },
        {
          "product_base_id": "1__6557128881__85328813",
          "product_name": "Tinh Dầu Dừa Dưỡng Mi Cong Vút",
          "url_thumbnail": "https://cf.shopee.vn/file/b9fa57c385c0765cf189da95c7faa24c",
          "official_type": 0,
          "brand": null,
          "shop_platform_name": "Myphambansivn",
          "shop_url": "https://shopee.vn/shop/85328813",
          "revenue": 10685700,
          "price": 8500,
          "rating_avg": 4.866379261016846,
          "order_count": 1258,
          "rating_count": 232,
          "platform_created_at": 1602659167,
          "price_updated_at": 1726704088,
          "price_min": 8500,
          "price_max": 8500
        },
        {
          "product_base_id": "1__16996876224__94679384",
          "product_name": "CHUỐT DƯỠNG MI DẦU DỪA ÉP LẠNH LY TÂm TÁCH BÉO Nguyên chất tinh khiết An nam dường dài và dày mi",
          "url_thumbnail": "https://cf.shopee.vn/file/vn-11134207-7r98o-lp0jtcerpcuza3",
          "official_type": 0,
          "brand": null,
          "shop_platform_name": "NARA SPA OFFICAL",
          "shop_url": "https://shopee.vn/shop/94679384",
          "revenue": 1618500,
          "price": 26000,
          "rating_avg": 4.882352828979492,
          "order_count": 66,
          "rating_count": 17,
          "platform_created_at": 1702020231,
          "price_updated_at": 1726639242,
          "price_min": 25000,
          "price_max": 30000
        },
        {
          "product_base_id": "1__19080459027__297942706",
          "product_name": "Dầu Dừa Dưỡng Mi Mascara Dầu Dừa Nguyên Chất Bến Tre Kích Thích Mi Mọc Dày Dài Hơn 10ml",
          "url_thumbnail": "https://cf.shopee.vn/file/vn-11134201-7qukw-lhiu0xcqkxol23",
          "official_type": 0,
          "brand": null,
          "shop_platform_name": "Hạt Dinh Dưỡng Hoàng Phương",
          "shop_url": "https://shopee.vn/shop/297942706",
          "revenue": 2260200,
          "price": 22320,
          "rating_avg": 4.903225898742676,
          "order_count": 104,
          "rating_count": 31,
          "platform_created_at": 1685694870,
          "price_updated_at": 1726717020,
          "price_min": 21600,
          "price_max": 22320
        },
        {
          "product_base_id": "3__104558007__2068",
          "product_name": "Dầu Dừa Tinh Khiết Vietcoco Dưỡng Mi 10ml",
          "url_thumbnail": "https://salt.tikicdn.com/cache/280x280/ts/product/8d/23/26/85cf1195e02590333fd832d2b537f980.jpg",
          "official_type": 0,
          "brand": "vietcoco",
          "shop_platform_name": "DỪA LƯƠNG QUỚI",
          "shop_url": null,
          "revenue": 6104000,
          "price": 28000,
          "rating_avg": 4.699999809265137,
          "order_count": 218,
          "rating_count": 40,
          "platform_created_at": 1623852196,
          "price_updated_at": 1730815396,
          "price_min": 28000,
          "price_max": 28000
        }
      ],
      "lst_product_new_30d": [
        {
          "product_base_id": "1__8063171218__60414205",
          "product_name": "Dầu dừa Tinh Khiết Vietcoco dưỡng mi 10ml",
          "url_thumbnail": "https://cf.shopee.vn/file/3744488fbfae1e130affdd4e624f35ed",
          "official_type": 1,
          "brand": "vietcoco",
          "shop_platform_name": "Vietcoco - Tinh Hoa Dừa Việt",
          "shop_url": "https://shopee.vn/shop/60414205",
          "revenue": 456404820,
          "price": 28000,
          "rating_avg": 4.936593532562256,
          "order_count": 17284,
          "rating_count": 4274,
          "platform_created_at": 1622818815,
          "price_updated_at": 1730859759,
          "price_min": 25200,
          "price_max": 28000
        },
        {
          "product_base_id": "8__1729459621858674903",
          "product_name": "Dầu dừa Tinh Khiết Vietcoco dưỡng mi 10ml Cosmetic Nữ",
          "url_thumbnail": "https://p16-oec-va.ibyteimg.com/tos-maliva-i-o3syd03w52-us/4a04a2a585c14668be8cfb88e9c48998~tplv-o3syd03w52-crop-webp:500:500.webp?from=2481794462",
          "official_type": 1,
          "brand": "vietcoco",
          "shop_platform_name": "VIETCOCO TINH HOA DỪA VIỆT",
          "shop_url": "https://short.metric.vn/shop/8__7494603124043450583",
          "revenue": 112407745,
          "price": 25760,
          "rating_avg": 4.800000190734863,
          "order_count": 6072,
          "rating_count": 202,
          "platform_created_at": null,
          "price_updated_at": 1730897659,
          "price_min": 229,
          "price_max": 28000
        },
        {
          "product_base_id": "1__14682646891__18644537",
          "product_name": "Mascara Dưỡng Mi Milaganics Dầu Dừa Nguyên Chất 5ml Hasaki Sản Phẩm",
          "url_thumbnail": "https://cf.shopee.vn/file/vn-11134201-7r98o-m07ksjxa4rrj3c",
          "official_type": 0,
          "brand": "milaganics",
          "shop_platform_name": "Hasaki Official Store",
          "shop_url": "https://shopee.vn/shop/18644537",
          "revenue": 472379100,
          "price": 26000,
          "rating_avg": 4.926283836364746,
          "order_count": 21477,
          "rating_count": 5901,
          "platform_created_at": 1652175482,
          "price_updated_at": 1726633108,
          "price_min": 26000,
          "price_max": 29000
        },
        {
          "product_base_id": "1__16483018840__831509831",
          "product_name": "Dầu dừa hữu cơ ép lạnh nguyên chất dưỡng mi dưỡng tóc dưỡng môi dưỡng da MILAGANICS 250ml",
          "url_thumbnail": "https://cf.shopee.vn/file/vn-11134207-7r98o-ltxz9bwum1w1f5",
          "official_type": 1,
          "brand": "milaganics",
          "shop_platform_name": "eherbvnofficialstore",
          "shop_url": "https://shopee.vn/shop/831509831",
          "revenue": 109400300,
          "price": 87000,
          "rating_avg": 4.91253662109375,
          "order_count": 2449,
          "rating_count": 686,
          "platform_created_at": 1661246808,
          "price_updated_at": 1726633794,
          "price_min": 50000,
          "price_max": 131000
        },
        {
          "product_base_id": "1__18435692845__831509831",
          "product_name": "Mascara dầu dừa dưỡng mi chuốt mi dầu dừa giúp mi mọc dày & dài hơn MILAGANICS 5ml",
          "url_thumbnail": "https://cf.shopee.vn/file/vn-11134207-7r98o-ltdmjy6ug1axe7",
          "official_type": 1,
          "brand": "milaganics",
          "shop_platform_name": "eherbvnofficialstore",
          "shop_url": "https://shopee.vn/shop/831509831",
          "revenue": 368145250,
          "price": 29000,
          "rating_avg": 4.884638786315918,
          "order_count": 16201,
          "rating_count": 4941,
          "platform_created_at": 1660806201,
          "price_updated_at": 1726633127,
          "price_min": 28000,
          "price_max": 29000
        },
        {
          "product_base_id": "1__6279892611__341325550",
          "product_name": "Mascara Dầu Dừa Dưỡng Mi Dầu Dừa Nguyên Chất Kích Thích Mi Mọc Dày & Dài Hơn MILAGANICS 5ml",
          "url_thumbnail": "https://cf.shopee.vn/file/vn-11134207-7r98o-lvbl3qnugwo4aa",
          "official_type": 0,
          "brand": "milaganics",
          "shop_platform_name": "eHerb Việt Nam",
          "shop_url": "https://shopee.vn/shop/341325550",
          "revenue": 500134990,
          "price": 28000,
          "rating_avg": 4.932026386260986,
          "order_count": 28524,
          "rating_count": 10152,
          "platform_created_at": 1614139736,
          "price_updated_at": 1726633084,
          "price_min": 25200,
          "price_max": 74000
        },
        {
          "product_base_id": "1__4605972834__108223372",
          "product_name": "Mascara dầu dừa dưỡng mi dài mi từ dầu dừa nguyên chất 8ml Purevess gian",
          "url_thumbnail": "https://cf.shopee.vn/file/afec1a16d33f0e6571a8632ebb41123a",
          "official_type": 0,
          "brand": "purevess",
          "shop_platform_name": "Tinh dầu thiên nhiên Purevess",
          "shop_url": "https://shopee.vn/shop/108223372",
          "revenue": 224470200,
          "price": 49000,
          "rating_avg": 4.949587821960449,
          "order_count": 5763,
          "rating_count": 2063,
          "platform_created_at": 1573209539,
          "price_updated_at": 1726700846,
          "price_min": 49000,
          "price_max": 110000
        },
        {
          "product_base_id": "1__21990112009__1021885537",
          "product_name": "Dưỡng mi dầu dừa Healthy Hair 100 nguyên chất giúp dưỡng mi dày và dài hơn 10ml",
          "url_thumbnail": "https://cf.shopee.vn/file/vn-11134207-7qukw-ljjz0dyrlol008",
          "official_type": 0,
          "brand": null,
          "shop_platform_name": "HEALTHY HAIR VN",
          "shop_url": "https://shopee.vn/shop/1021885537",
          "revenue": 77584600,
          "price": 18600,
          "rating_avg": 4.974869251251221,
          "order_count": 4368,
          "rating_count": 955,
          "platform_created_at": 1687521503,
          "price_updated_at": 1726633444,
          "price_min": 18000,
          "price_max": 18600
        },
        {
          "product_base_id": "1__15492093281__776145810",
          "product_name": "Tinh Chất Dưỡng Mi Dài Chai Chuốt Mi Serum Dầu Dừa Thiết Kế Đầu Cọ Siêu Mảnh Chống Chảy Vào Mắt",
          "url_thumbnail": "https://cf.shopee.vn/file/vn-11134207-7r98o-lqaedzt2hvzr55",
          "official_type": 1,
          "brand": "M&M\t",
          "shop_platform_name": "Mịn Màng Việt Nam ",
          "shop_url": "https://shopee.vn/shop/776145810",
          "revenue": 102035700,
          "price": 35000,
          "rating_avg": 4.929878234863281,
          "order_count": 3315,
          "rating_count": 984,
          "platform_created_at": 1662009520,
          "price_updated_at": 1726801086,
          "price_min": 29000,
          "price_max": 35000
        },
        {
          "product_base_id": "2__2048768992",
          "product_name": "Dầu dừa ép lạnh Bến Tre giúp dưỡng tóc dưỡng mi massage và chăm sóc da",
          "url_thumbnail": "https://vn-live-01.slatic.net/p/eb2581a0d4f3f34b18b1217d9d0517aa.png",
          "official_type": 0,
          "brand": "No Brand",
          "shop_platform_name": "Hizuki Vietnam",
          "shop_url": null,
          "revenue": 70158270,
          "price": 59000,
          "rating_avg": 4.976430892944336,
          "order_count": 1181,
          "rating_count": 297,
          "platform_created_at": 1665569806,
          "price_updated_at": 1724386578,
          "price_min": 15900,
          "price_max": 79000
        },
        {
          "product_base_id": "1__8619621542__59856611",
          "product_name": "Dưỡng mi và lông mày VITABOX giúp mi dài dày tự nhiên từ dầu dừa thầu dầu castor hữu cơ an toàn đầu mascara cong",
          "url_thumbnail": "https://cf.shopee.vn/file/vn-11134201-7ras8-m1tjz7nua4zj51",
          "official_type": 0,
          "brand": "vitabox",
          "shop_platform_name": "Vitabox",
          "shop_url": "https://shopee.vn/shop/59856611",
          "revenue": 301590500,
          "price": 139000,
          "rating_avg": 4.957943916320801,
          "order_count": 3105,
          "rating_count": 1070,
          "platform_created_at": 1614702204,
          "price_updated_at": 1726633566,
          "price_min": 124000,
          "price_max": 252000
        },
        {
          "product_base_id": "1__1591550192__5185714",
          "product_name": "Chuốt Mi Dầu Dừa dưỡng mi Tự Nấu / Loại 10ml",
          "url_thumbnail": "https://cf.shopee.vn/file/754666c2db9f3d54b1e03b2432048f95",
          "official_type": 0,
          "brand": null,
          "shop_platform_name": "huyentrangshop1003",
          "shop_url": "https://shopee.vn/shop/5185714",
          "revenue": 295816850,
          "price": 12900,
          "rating_avg": 4.9320969581604,
          "order_count": 23944,
          "rating_count": 7010,
          "platform_created_at": 1539943109,
          "price_updated_at": 1726633094,
          "price_min": 12700,
          "price_max": 12900
        },
        {
          "product_base_id": "1__4826084745__16498542",
          "product_name": "Chuốt mi dầu dừa dưỡng mi cong nguyên chất 100",
          "url_thumbnail": "https://cf.shopee.vn/file/affed5625040e298c3fdce9bd24a7590",
          "official_type": 0,
          "brand": null,
          "shop_platform_name": "Ling Organic",
          "shop_url": "https://shopee.vn/shop/16498542",
          "revenue": 118934425,
          "price": 10000,
          "rating_avg": 4.899814605712891,
          "order_count": 12090,
          "rating_count": 2700,
          "platform_created_at": 1586501650,
          "price_updated_at": 1726791757,
          "price_min": 10000,
          "price_max": 10000
        },
        {
          "product_base_id": "2__1859643182",
          "product_name": "Dầu Dừa Nguyên Chất Dưỡng Mi Ép Lạnh Tinh Khiết MILAGANICS Dầu Dừa Dưỡng Tóc Dưỡng Da Organic 250ml eHerb",
          "url_thumbnail": "https://vn-live-01.slatic.net/p/1fd58b8b5b4f50f46844fbcd280cb5e9.jpg",
          "official_type": 1,
          "brand": "milaganics",
          "shop_platform_name": "eHerb",
          "shop_url": null,
          "revenue": 303474651,
          "price": 92000,
          "rating_avg": 4.912019729614258,
          "order_count": 4294,
          "rating_count": 807,
          "platform_created_at": 1652091449,
          "price_updated_at": 1724385161,
          "price_min": 21670,
          "price_max": 92000
        },
        {
          "product_base_id": "1__8968960315__19913964",
          "product_name": "DẦU DỪA NGUYÊN CHẤT DƯỠNG MI VIETCOCO 10ml THIẾT KẾ SIÊU TINH TẾ",
          "url_thumbnail": "https://cf.shopee.vn/file/vn-11134207-7qukw-lhf0hn7p9zlx82",
          "official_type": 0,
          "brand": null,
          "shop_platform_name": "shopsautho",
          "shop_url": "https://shopee.vn/shop/19913964",
          "revenue": 15248800,
          "price": 29000,
          "rating_avg": 4.914893627166748,
          "order_count": 589,
          "rating_count": 141,
          "platform_created_at": 1624141227,
          "price_updated_at": 1726635521,
          "price_min": 25000,
          "price_max": 29000
        },
        {
          "product_base_id": "2__1685473102",
          "product_name": "Dầu dừa nguyên chất original Coconut oil dầu nền mỹ phẩm làm xà phòng handmade soap dưỡng mi dài dầu massage dưỡng da nguyên liệu mỹ phẩm BẠCH HƯƠNG VÂN THẢO",
          "url_thumbnail": "https://vn-live-01.slatic.net/p/bbaf21a7be0a983a8961ff5f3b86dc60.jpg",
          "official_type": 0,
          "brand": "No Brand",
          "shop_platform_name": "Bạch Hương Vân Thảo",
          "shop_url": null,
          "revenue": 61401545,
          "price": 59000,
          "rating_avg": 4.940000057220459,
          "order_count": 1126,
          "rating_count": 314,
          "platform_created_at": 1641811306,
          "price_updated_at": 1724386578,
          "price_min": 38000,
          "price_max": 95000
        },
        {
          "product_base_id": "1__4710629009__22199117",
          "product_name": "DẦU DỪA NGUYÊN CHẤT DƯỠNG MI VIETCOCO 10ML",
          "url_thumbnail": "https://cf.shopee.vn/file/vn-11134207-7qukw-lhf0hn7ojav514",
          "official_type": 0,
          "brand": "vietcoco",
          "shop_platform_name": "cheapnho",
          "shop_url": "https://shopee.vn/shop/22199117",
          "revenue": 27095250,
          "price": 25000,
          "rating_avg": 4.824034214019775,
          "order_count": 1007,
          "rating_count": 233,
          "platform_created_at": 1575900772,
          "price_updated_at": 1726701714,
          "price_min": 24000,
          "price_max": 35000
        },
        {
          "product_base_id": "1__13646141550__341693711",
          "product_name": "GELMI COCO Dưỡng mi & mày dài dày DẦU DỪA NHA ĐAM Tặng 1 viên serum tóc",
          "url_thumbnail": "https://cf.shopee.vn/file/vn-11134207-23020-5ohq0c0ewanv83",
          "official_type": 0,
          "brand": "bau krysie",
          "shop_platform_name": "krysiebeaute_q5q8",
          "shop_url": "https://shopee.vn/shop/341693711",
          "revenue": 31163000,
          "price": 50000,
          "rating_avg": 4.945355415344238,
          "order_count": 669,
          "rating_count": 183,
          "platform_created_at": 1636377776,
          "price_updated_at": 1725399877,
          "price_min": 50000,
          "price_max": 50000
        },
        {
          "product_base_id": "1__15356262464__160068057",
          "product_name": "Dầu dừa tinh khiết dưỡng mi/dưỡng môi Vietcoco thêm VITAMIN E 10ml Date 15/4/2026 Nhà hữu cơ",
          "url_thumbnail": "https://cf.shopee.vn/file/vn-11134207-7r98o-m0797vibxj3h5f",
          "official_type": 0,
          "brand": "vietcoco",
          "shop_platform_name": "NHÀ HỮU CƠ",
          "shop_url": "https://shopee.vn/shop/160068057",
          "revenue": 17248000,
          "price": 27000,
          "rating_avg": 4.916666507720947,
          "order_count": 646,
          "rating_count": 144,
          "platform_created_at": 1645638620,
          "price_updated_at": 1726697248,
          "price_min": 27000,
          "price_max": 27000
        },
        {
          "product_base_id": "1__3206138006__108223372",
          "product_name": "Combo dưỡng mi & dưỡng môi dầu dừa Purevess giúp dưỡng mi dài và dày hơn giúp môi giảm thâm",
          "url_thumbnail": "https://cf.shopee.vn/file/3e43ae5f6f509ad4058edfc9b495e694",
          "official_type": 0,
          "brand": "purevess",
          "shop_platform_name": "Tinh dầu thiên nhiên Purevess",
          "shop_url": "https://shopee.vn/shop/108223372",
          "revenue": 68289800,
          "price": 69000,
          "rating_avg": 4.930902004241943,
          "order_count": 1172,
          "rating_count": 521,
          "platform_created_at": 1573209999,
          "price_updated_at": 1726700846,
          "price_min": 69000,
          "price_max": 69000
        },
        {
          "product_base_id": "1__5781361601__48431454",
          "product_name": "Mascara dầu castor & dầu dừa Naturfarm Mascara dưỡng mi dưỡng lông mày",
          "url_thumbnail": "https://cf.shopee.vn/file/vn-11134207-7r98o-lvzxbaz3k4bf92",
          "official_type": 0,
          "brand": null,
          "shop_platform_name": "TheNaturfarm.Official",
          "shop_url": "https://shopee.vn/shop/48431454",
          "revenue": 69799600,
          "price": 17900,
          "rating_avg": 4.952381134033203,
          "order_count": 4215,
          "rating_count": 1113,
          "platform_created_at": 1615384921,
          "price_updated_at": 1726621257,
          "price_min": 15900,
          "price_max": 22900
        },
        {
          "product_base_id": "1__17900251281__10594784",
          "product_name": "10ml Dầu dừa tinh khiết dưỡng mi Vietcoco",
          "url_thumbnail": "https://cf.shopee.vn/file/vn-11134211-7r98o-lz02zvufdl0hff",
          "official_type": 0,
          "brand": "vietcoco",
          "shop_platform_name": "Talia's Shop",
          "shop_url": "https://shopee.vn/shop/10594784",
          "revenue": 22534013,
          "price": 29999,
          "rating_avg": 4.927966117858887,
          "order_count": 808,
          "rating_count": 236,
          "platform_created_at": 1644576871,
          "price_updated_at": 1726696069,
          "price_min": 27900,
          "price_max": 29999
        },
        {
          "product_base_id": "1__530276820__28228365",
          "product_name": "Tinh Dầu Dừa Dưỡng Mi Cong Vút",
          "url_thumbnail": "https://cf.shopee.vn/file/7095330a274ed8de0b451ab50bcddb50",
          "official_type": 0,
          "brand": null,
          "shop_platform_name": "SaLeMyPham89",
          "shop_url": "https://shopee.vn/shop/28228365",
          "revenue": 397651600,
          "price": 8300,
          "rating_avg": 4.909979820251465,
          "order_count": 43500,
          "rating_count": 8899,
          "platform_created_at": 1506609160,
          "price_updated_at": 1726633069,
          "price_min": 8300,
          "price_max": 8300
        },
        {
          "product_base_id": "2__2410777437",
          "product_name": "Dầu Dừa Nguyên Chất Nhà Làm Dùng Dưỡng Tóc Dưỡng Môi Dưỡng Mi Và Dưỡng Da An Toàn Và",
          "url_thumbnail": "https://filebroker-cdn.lazada.vn/kf/S1db2768704294fccae12a3f8cf941d2eG.jpg",
          "official_type": 0,
          "brand": "No Brand",
          "shop_platform_name": "Yến Vy Bến Tre Shop",
          "shop_url": null,
          "revenue": 15491500,
          "price": 90000,
          "rating_avg": 4.900000095367432,
          "order_count": 213,
          "rating_count": 58,
          "platform_created_at": 1693580461,
          "price_updated_at": 1724394632,
          "price_min": 25000,
          "price_max": 90000
        },
        {
          "product_base_id": "1__9933135540__433229",
          "product_name": "Dưỡng mi dầu dừa Sense Plus",
          "url_thumbnail": "https://cf.shopee.vn/file/vn-11134207-7qukw-lfw4jgs9lzsa9d",
          "official_type": 1,
          "brand": "sense plus",
          "shop_platform_name": "Thanh Chân Cosmetics",
          "shop_url": "https://shopee.vn/shop/433229",
          "revenue": 121498200,
          "price": 35000,
          "rating_avg": 4.966636657714844,
          "order_count": 3466,
          "rating_count": 1109,
          "platform_created_at": 1616859966,
          "price_updated_at": 1726633507,
          "price_min": 35000,
          "price_max": 35000
        },
        {
          "product_base_id": "1__23268576991__398315087",
          "product_name": "Dầu Dừa Hữu Cơ Phân Đoạn Nguyên Chất Dưỡng Mi Mày dài trông thấy chỉ sau 2 tuần CHILAB",
          "url_thumbnail": "https://cf.shopee.vn/file/vn-11134207-7ras8-m0dabrmbeu8f8d",
          "official_type": 0,
          "brand": null,
          "shop_platform_name": "Mỹ Phẩm & Mẹ Bé Chính Hãng",
          "shop_url": "https://shopee.vn/shop/398315087",
          "revenue": 5032600,
          "price": 11900,
          "rating_avg": 5.0,
          "order_count": 195,
          "rating_count": 20,
          "platform_created_at": 1684762512,
          "price_updated_at": 1726637870,
          "price_min": 11900,
          "price_max": 30000
        },
        {
          "product_base_id": "1__25565198192__986722461",
          "product_name": "Dầu dừa Tinh Khiết mỹ phẩm Vietcoco Dưỡng mi 10ml",
          "url_thumbnail": "https://cf.shopee.vn/file/vn-11134207-7r98o-ls6vr7ovnsuc3a",
          "official_type": 1,
          "brand": "vietcoco",
          "shop_platform_name": "Egome Official Store",
          "shop_url": "https://shopee.vn/shop/986722461",
          "revenue": 20251160,
          "price": 31000,
          "rating_avg": 4.938650131225586,
          "order_count": 770,
          "rating_count": 163,
          "platform_created_at": 1708917805,
          "price_updated_at": 1730689118,
          "price_min": 25480,
          "price_max": 31000
        },
        {
          "product_base_id": "2__361374367",
          "product_name": "Dưỡng mi Purevess dầu dừa dưỡng mi dưỡng mi dài dưỡng môi dầu dừa",
          "url_thumbnail": "https://vn-live-01.slatic.net/p/53950387637f28878aafe98b002b79ae.png",
          "official_type": 1,
          "brand": "purevess",
          "shop_platform_name": "Purevess",
          "shop_url": null,
          "revenue": 391612199,
          "price": 179000,
          "rating_avg": 4.919260501861572,
          "order_count": 7762,
          "rating_count": 2056,
          "platform_created_at": 1572439803,
          "price_updated_at": 1724385161,
          "price_min": 49000,
          "price_max": 179000
        },
        {
          "product_base_id": "1__6617119497__19811952",
          "product_name": "MASCARA DẦU DỪA DƯỠNG MI VÀ CHÂN MÀY",
          "url_thumbnail": "https://cf.shopee.vn/file/vn-11134207-7r98o-lzt1tquf93kdfd",
          "official_type": 0,
          "brand": null,
          "shop_platform_name": "mimi_house_handmadecosmetics",
          "shop_url": "https://shopee.vn/shop/19811952",
          "revenue": 30374900,
          "price": 42000,
          "rating_avg": 4.928740978240967,
          "order_count": 1422,
          "rating_count": 421,
          "platform_created_at": 1581707132,
          "price_updated_at": 1726700300,
          "price_min": 22000,
          "price_max": 42000
        },
        {
          "product_base_id": "1__9623479958__48431454",
          "product_name": "Mascara dầu dừa dưỡng mi Naturfarm 5ML",
          "url_thumbnail": "https://cf.shopee.vn/file/vn-11134207-7r98o-lvzx578l5lnfc3",
          "official_type": 0,
          "brand": null,
          "shop_platform_name": "TheNaturfarm.Official",
          "shop_url": "https://shopee.vn/shop/48431454",
          "revenue": 71191200,
          "price": 17900,
          "rating_avg": 4.960269451141357,
          "order_count": 4488,
          "rating_count": 1485,
          "platform_created_at": 1615367851,
          "price_updated_at": 1726633406,
          "price_min": 14000,
          "price_max": 17900
        },
        {
          "product_base_id": "2__1227429110",
          "product_name": "Dầu dừa Tinh Khiết Vietcoco dưỡng mi 10ml",
          "url_thumbnail": "https://vn-test-11.slatic.net/p/36fbe3e0f072b01a1f90f19cabcf3113.jpg",
          "official_type": 1,
          "brand": "vietcoco",
          "shop_platform_name": null,
          "shop_url": null,
          "revenue": 58549935,
          "price": 28000,
          "rating_avg": 4.900000095367432,
          "order_count": 2267,
          "rating_count": 434,
          "platform_created_at": 1615544571,
          "price_updated_at": 1730763426,
          "price_min": 23500,
          "price_max": 28000
        },
        {
          "product_base_id": "2__1609350828",
          "product_name": "Dưỡng mi dài và dày từ dầu dừa nguyên chấtkích thích mọc michống rụng mi fresh foo &cosmetics",
          "url_thumbnail": "https://vn-live-01.slatic.net/p/c9c5fba76482b4230d77e422b9d7665c.jpg",
          "official_type": 0,
          "brand": "No Brand",
          "shop_platform_name": "Fresh food & Cosmetics",
          "shop_url": null,
          "revenue": 59621285,
          "price": 25000,
          "rating_avg": 4.940000057220459,
          "order_count": 2823,
          "rating_count": 519,
          "platform_created_at": 1637813352,
          "price_updated_at": 1724385161,
          "price_min": 18660,
          "price_max": 25000
        },
        {
          "product_base_id": "1__23984164940__1097317423",
          "product_name": "Dầu dừa tinh khiết dưỡng môi/dưỡng mi Thêm VITAMIN E Vietcoco Date 9/2025 Nhà hữu cơ",
          "url_thumbnail": "https://cf.shopee.vn/file/vn-11134207-7r98o-m05ro3v1fx0t86",
          "official_type": 0,
          "brand": "vietcoco",
          "shop_platform_name": "nhahuuco4",
          "shop_url": "https://shopee.vn/shop/1097317423",
          "revenue": 2970000,
          "price": 27000,
          "rating_avg": 5.0,
          "order_count": 110,
          "rating_count": 21,
          "platform_created_at": 1697877483,
          "price_updated_at": 1726640249,
          "price_min": 27000,
          "price_max": 27000
        },
        {
          "product_base_id": "1__22459108226__308984129",
          "product_name": "Dầu dưỡng mi HomeSpa Thành phần thiên nhiên từ dầu dừa dầu oliu Dưỡng mi dài mượt chắc khỏe 5ml",
          "url_thumbnail": "https://cf.shopee.vn/file/vn-11134207-7r98o-lna55jcj44fu29",
          "official_type": 0,
          "brand": null,
          "shop_platform_name": "Home.Spa",
          "shop_url": "https://shopee.vn/shop/308984129",
          "revenue": 6237320,
          "price": 25520,
          "rating_avg": 4.865384578704834,
          "order_count": 247,
          "rating_count": 52,
          "platform_created_at": 1698242740,
          "price_updated_at": 1725408415,
          "price_min": 25520,
          "price_max": 25520
        },
        {
          "product_base_id": "1__5434585141__22199117",
          "product_name": "Dầu dừa dưỡng mi dưỡng môi nguyên chất 10ml",
          "url_thumbnail": "https://cf.shopee.vn/file/c84c4c63fe421a2902583888fe53b2d2",
          "official_type": 0,
          "brand": null,
          "shop_platform_name": "cheapnho",
          "shop_url": "https://shopee.vn/shop/22199117",
          "revenue": 34119400,
          "price": 10000,
          "rating_avg": 4.864553451538086,
          "order_count": 3974,
          "rating_count": 1041,
          "platform_created_at": 1589875314,
          "price_updated_at": 1726701701,
          "price_min": 9900,
          "price_max": 10000
        },
        {
          "product_base_id": "2__2114249191",
          "product_name": "Mỹ Phẩm dầu dừa tinh khiết Vietcoco Vitamin E nguyên chất ép lạnh dưỡng tóc dưỡng mi.....",
          "url_thumbnail": "https://vn-live-01.slatic.net/p/5b8c87884084931f4d4a7e81377f5a59.jpg",
          "official_type": 0,
          "brand": "vietcoco",
          "shop_platform_name": "SIÊU THỊ ONLINE eMART",
          "shop_url": null,
          "revenue": 4117220,
          "price": 35000,
          "rating_avg": 5.0,
          "order_count": 118,
          "rating_count": 24,
          "platform_created_at": 1670474364,
          "price_updated_at": 1724403681,
          "price_min": 32305,
          "price_max": 99000
        },
        {
          "product_base_id": "1__1228173463__71334006",
          "product_name": "Dầu Dừa Dưỡng Mi Sense Plus 8ml",
          "url_thumbnail": "https://cf.shopee.vn/file/vn-11134207-7r98o-ln8b2bcmd1w8d6",
          "official_type": 0,
          "brand": "sense plus",
          "shop_platform_name": "sense plus",
          "shop_url": "https://shopee.vn/shop/71334006",
          "revenue": 51933300,
          "price": 19000,
          "rating_avg": 4.924882411956787,
          "order_count": 1381,
          "rating_count": 213,
          "platform_created_at": 1528346485,
          "price_updated_at": 1726634207,
          "price_min": 19000,
          "price_max": 48000
        },
        {
          "product_base_id": "8__1729581964959582929",
          "product_name": "Dầu Dừa Dưỡng Mi Từ Dầu Dừa Ép Lạnh Nguyên Chất Serum Dưỡng Mi Mascara Làm Dày Mi Và Dưỡng Mi Dài",
          "url_thumbnail": "https://p19-oec-va.ibyteimg.com/tos-maliva-i-o3syd03w52-us/b95c00b72d1c4da99792295321715105~tplv-o3syd03w52-crop-webp:500:500.webp?from=2481794462",
          "official_type": 0,
          "brand": null,
          "shop_platform_name": "Mịn Màng Việt Nam",
          "shop_url": "https://short.metric.vn/shop/8__7494648176140978897",
          "revenue": 9407331,
          "price": 29000,
          "rating_avg": 4.800000190734863,
          "order_count": 407,
          "rating_count": 46,
          "platform_created_at": null,
          "price_updated_at": 1730883977,
          "price_min": 290,
          "price_max": 58000
        },
        {
          "product_base_id": "1__1002929950__9337693",
          "product_name": "Dầu Dừa Nguyên Chất 100 Làm Đẹp & Dưỡng Mi",
          "url_thumbnail": "https://cf.shopee.vn/file/d6febf22d2a2d2a95c52df9194047ec8",
          "official_type": 0,
          "brand": null,
          "shop_platform_name": "NAPO Bột Thiên Nhiên",
          "shop_url": "https://shopee.vn/shop/9337693",
          "revenue": 29497500,
          "price": 15000,
          "rating_avg": 4.929824352264404,
          "order_count": 1271,
          "rating_count": 456,
          "platform_created_at": 1521631609,
          "price_updated_at": 1726634308,
          "price_min": 15000,
          "price_max": 35000
        },
        {
          "product_base_id": "1__23488853236__1098853927",
          "product_name": "Serum dưỡng mi mày Hapuganic Giúp mi và mày chắc khỏe cong dài từ dầu dừa và bồ kết",
          "url_thumbnail": "https://cf.shopee.vn/file/vn-11134207-7r98o-lphdypj9wggrbc",
          "official_type": 1,
          "brand": "hapuganic",
          "shop_platform_name": "Hapuganic Làm Đẹp Thiên Nhiên",
          "shop_url": "https://shopee.vn/shop/1098853927",
          "revenue": 4740000,
          "price": 20000,
          "rating_avg": 4.888888835906982,
          "order_count": 237,
          "rating_count": 54,
          "platform_created_at": 1703139240,
          "price_updated_at": 1726636576,
          "price_min": 20000,
          "price_max": 89000
        },
        {
          "product_base_id": "1__23123201701__252481472",
          "product_name": "Vỏ cây chuốt mi Vỏ dưỡng mi cây đựng dầu dừa",
          "url_thumbnail": "https://cf.shopee.vn/file/sg-11134201-23020-m8xh5b875cnv06",
          "official_type": 0,
          "brand": null,
          "shop_platform_name": "kho hàng Anna",
          "shop_url": "https://shopee.vn/shop/252481472",
          "revenue": 10467100,
          "price": 7300,
          "rating_avg": 4.856353759765625,
          "order_count": 1435,
          "rating_count": 181,
          "platform_created_at": 1676008993,
          "price_updated_at": 1726715079,
          "price_min": 5000,
          "price_max": 7300
        },
        {
          "product_base_id": "8__1729510757125950290",
          "product_name": "Dầu dừa ép lạnh dầu dừa nguyên chất Kokomori tinh khiết hữu cơ dưỡng tóc dưỡng da dưỡng môi dưỡng mi chính gốc Bến Tre 150ml 250ml và 500ml",
          "url_thumbnail": "https://p16-oec-va.ibyteimg.com/tos-maliva-i-o3syd03w52-us/4f5857e28f39464da2919e4d89293945~tplv-o3syd03w52-resize-jpeg:800:800.jpeg?from=1826719393",
          "official_type": 0,
          "brand": null,
          "shop_platform_name": "Kokomori Store",
          "shop_url": "https://short.metric.vn/shop/8__7494763746036124498",
          "revenue": 173595461,
          "price": 139000,
          "rating_avg": 4.699999809265137,
          "order_count": 2111,
          "rating_count": 378,
          "platform_created_at": null,
          "price_updated_at": 1726917128,
          "price_min": 89000,
          "price_max": 169000
        },
        {
          "product_base_id": "1__6025130093__238493362",
          "product_name": "mascara dầu dừa dưỡng mi 10ml",
          "url_thumbnail": "https://cf.shopee.vn/file/199a37457d8403cd2d640949e96ac4d8",
          "official_type": 0,
          "brand": null,
          "shop_platform_name": "truongangroup",
          "shop_url": "https://shopee.vn/shop/238493362",
          "revenue": 24419600,
          "price": 5300,
          "rating_avg": 4.769008636474609,
          "order_count": 4355,
          "rating_count": 1040,
          "platform_created_at": 1586256233,
          "price_updated_at": 1726633423,
          "price_min": 5300,
          "price_max": 9000
        },
        {
          "product_base_id": "1__7913636646__32140158",
          "product_name": "10 Vỏ chuốt mi nắp bạc 8ml lọ mascara chiết dầu dừa dưỡng mi",
          "url_thumbnail": "https://cf.shopee.vn/file/ca2ba763503d0de88cd36577f73f2533",
          "official_type": 0,
          "brand": null,
          "shop_platform_name": "CHAI LỌ HŨ NHỰA CHIẾT MỸ PHẨM",
          "shop_url": "https://shopee.vn/shop/32140158",
          "revenue": 29123800,
          "price": 58000,
          "rating_avg": 4.913978576660156,
          "order_count": 514,
          "rating_count": 93,
          "platform_created_at": 1577949212,
          "price_updated_at": 1726635225,
          "price_min": 56000,
          "price_max": 58000
        },
        {
          "product_base_id": "1__16904422694__199740429",
          "product_name": "Dầu dừa tinh khiết VIETCOCO",
          "url_thumbnail": "https://cf.shopee.vn/file/0610a46816c254b4333d2919ba7b6d9e",
          "official_type": 0,
          "brand": "vietcoco",
          "shop_platform_name": "Xuz Shop",
          "shop_url": "https://shopee.vn/shop/199740429",
          "revenue": 4873000,
          "price": 27000,
          "rating_avg": 4.924528121948242,
          "order_count": 180,
          "rating_count": 53,
          "platform_created_at": 1645090948,
          "price_updated_at": 1726801425,
          "price_min": 27000,
          "price_max": 27600
        },
        {
          "product_base_id": "1__6310629644__22199117",
          "product_name": "DẦU DỪA NGUYÊN CHẤT DƯỠNG MI VIETCOCO 10ml",
          "url_thumbnail": "https://cf.shopee.vn/file/vn-11134207-7qukw-lhb9lrg8cc36da",
          "official_type": 0,
          "brand": "vietcoco",
          "shop_platform_name": "cheapnho",
          "shop_url": "https://shopee.vn/shop/22199117",
          "revenue": 3110000,
          "price": 25000,
          "rating_avg": 5.0,
          "order_count": 119,
          "rating_count": 18,
          "platform_created_at": 1575900956,
          "price_updated_at": 1726701714,
          "price_min": 24000,
          "price_max": 35000
        },
        {
          "product_base_id": "8__1729428655121991776",
          "product_name": "Dầu dừa ép lạnh nguyên chất Coco Secret 500ml dầu dừa tinh khiết dưỡng tóc dưỡng mi giảm rạn da dầu dừa Bến Tre",
          "url_thumbnail": "https://p16-oec-va.ibyteimg.com/tos-maliva-i-o3syd03w52-us/19905cdb3c5a456ebc62805cba25c7fe~tplv-o3syd03w52-crop-webp:500:500.webp?from=2481794462",
          "official_type": 0,
          "brand": "coco secret",
          "shop_platform_name": "Khỏe Đẹp 24h.",
          "shop_url": "https://short.metric.vn/shop/8__7494609232426272864",
          "revenue": 2574600,
          "price": 119500,
          "rating_avg": 3.0,
          "order_count": 20,
          "rating_count": 4,
          "platform_created_at": null,
          "price_updated_at": 1730867227,
          "price_min": 96000,
          "price_max": 150000
        },
        {
          "product_base_id": "2__508694819",
          "product_name": "Chuốt mi dầu dừa dưỡng mi cong nguyên chất 100",
          "url_thumbnail": "https://vn-live-01.slatic.net/p/6a60ca9500edc935cf6ee412d502f658.jpg",
          "official_type": 0,
          "brand": "No Brand",
          "shop_platform_name": "Ling Organic",
          "shop_url": null,
          "revenue": 184398162,
          "price": 10000,
          "rating_avg": 4.880000114440918,
          "order_count": 18462,
          "rating_count": 2274,
          "platform_created_at": 1586501534,
          "price_updated_at": 1724385161,
          "price_min": 10000,
          "price_max": 10000
        },
        {
          "product_base_id": "1__19373311981__289251819",
          "product_name": "Dầu dừa tinh khiết dưỡng mi/dưỡng môi Vietcoco thêm VITAMIN E 10ml Nhà hữu cơ",
          "url_thumbnail": "https://cf.shopee.vn/file/vn-11134207-7r98o-m08jfv99mc274c",
          "official_type": 0,
          "brand": "vietcoco",
          "shop_platform_name": "NHÀ HỮU CƠ - MẸ VÀ BÉ",
          "shop_url": "https://shopee.vn/shop/289251819",
          "revenue": 3449000,
          "price": 27000,
          "rating_avg": 4.962963104248047,
          "order_count": 130,
          "rating_count": 27,
          "platform_created_at": 1676388272,
          "price_updated_at": 1726637743,
          "price_min": 25000,
          "price_max": 27000
        },
        {
          "product_base_id": "8__1729638613606960027",
          "product_name": "Dầu Dừa Hữu Cơ Nguyên Chất Ép Lạnh 500ml CoCo Secret Dưỡng Tóc Dưỡng Môi Dưỡng Mi",
          "url_thumbnail": "https://p16-oec-va.ibyteimg.com/tos-maliva-i-o3syd03w52-us/48d7ae8ab7d74aa5bf3424c5942e3beb~tplv-o3syd03w52-resize-jpeg:800:800.jpeg?from=1826719393",
          "official_type": 0,
          "brand": "coco secret",
          "shop_platform_name": "BeautyU Store - Natural Products",
          "shop_url": "https://short.metric.vn/shop/8__7494600749019138971",
          "revenue": 2542000,
          "price": 148000,
          "rating_avg": 5.0,
          "order_count": 22,
          "rating_count": 1,
          "platform_created_at": null,
          "price_updated_at": 1727075351,
          "price_min": 129000,
          "price_max": 148000
        },
        {
          "product_base_id": "2__1314188520",
          "product_name": "Dầu Dừa Ép Lạnh Nguyên Chất Heebee Dưỡng Mi Dưỡng Tóc và Da 50ml & 150ml Heebee",
          "url_thumbnail": "https://vn-live-01.slatic.net/p/2c97dfcf09ec7fefbac890c603ccdd56.jpg",
          "official_type": 1,
          "brand": "heebee vietnam",
          "shop_platform_name": "heebeevietnam",
          "shop_url": null,
          "revenue": 7015020,
          "price": 250000,
          "rating_avg": 5.0,
          "order_count": 41,
          "rating_count": 10,
          "platform_created_at": 1621252265,
          "price_updated_at": 1724415716,
          "price_min": 90000,
          "price_max": 275000
        },
        {
          "product_base_id": "1__11797613285__77247645",
          "product_name": "Dầu dừa dưỡng môi dưỡng mi tinh khiết ép lạnh Vietcoco",
          "url_thumbnail": "https://cf.shopee.vn/file/b60746b7d5a048e2508e7f2493993f63",
          "official_type": 0,
          "brand": "vietcoco",
          "shop_platform_name": "Oma Mart (Organic Mart)",
          "shop_url": "https://shopee.vn/shop/77247645",
          "revenue": 9401000,
          "price": 32000,
          "rating_avg": 4.909090995788574,
          "order_count": 319,
          "rating_count": 66,
          "platform_created_at": 1660970562,
          "price_updated_at": 1726695719,
          "price_min": 32000,
          "price_max": 32000
        },
        {
          "product_base_id": "8__1729449907169758046",
          "product_name": "Mascara Dưỡng Mi Dầu Dừa Dày & Dài Mi An Toàn Lành Tính Thiên Nhiên MILAGANICS 5ml Trang Điểm Cosmetic Mỹ Phẩm Nữ Women jejo mascara",
          "url_thumbnail": "https://p16-oec-va.ibyteimg.com/tos-maliva-i-o3syd03w52-us/4e94f5604950404587a5daa53eb4b2c8~tplv-o3syd03w52-crop-webp:500:500.webp?from=2481794462",
          "official_type": 1,
          "brand": "milaganics",
          "shop_platform_name": "eHerb Viet Nam",
          "shop_url": "https://short.metric.vn/shop/8__7494529979361168222",
          "revenue": 50977312,
          "price": 24300,
          "rating_avg": 4.599999904632568,
          "order_count": 2478,
          "rating_count": 298,
          "platform_created_at": null,
          "price_updated_at": 1730902739,
          "price_min": 243,
          "price_max": 73000
        },
        {
          "product_base_id": "1__15798822274__136526768",
          "product_name": "SERUM DẦU DỪA DƯỠNG MI GIÚP MI MỌC DÀI VÀ DÀY HƠN",
          "url_thumbnail": "https://cf.shopee.vn/file/vn-11134207-7r98o-lslokf6rsfixd6",
          "official_type": 0,
          "brand": "Phương Anh Cosmetic",
          "shop_platform_name": "LC Shop EmoSIim by Fen",
          "shop_url": "https://shopee.vn/shop/136526768",
          "revenue": 5221000,
          "price": 25000,
          "rating_avg": 4.911764621734619,
          "order_count": 121,
          "rating_count": 34,
          "platform_created_at": 1684703067,
          "price_updated_at": 1726697362,
          "price_min": 25000,
          "price_max": 40000
        },
        {
          "product_base_id": "1__1994719898__15013645",
          "product_name": "Mascara dầu dừa hỗ trợ dưỡng mi dài dày và chắc khoẻ",
          "url_thumbnail": "https://cf.shopee.vn/file/vn-11134207-7r98o-lzaev80h8imldd",
          "official_type": 0,
          "brand": null,
          "shop_platform_name": "Shop Bột Pon Audrey",
          "shop_url": "https://shopee.vn/shop/15013645",
          "revenue": 10424900,
          "price": 30000,
          "rating_avg": 4.97520637512207,
          "order_count": 366,
          "rating_count": 121,
          "platform_created_at": 1552380777,
          "price_updated_at": 1726635640,
          "price_min": 18000,
          "price_max": 30000
        },
        {
          "product_base_id": "1__3844976823__290453087",
          "product_name": "Dầu dừa dưỡng mi Minh Thư mascara dầu dừa dưỡng mi 100 từ dầu dừa ép lạnh thiên nhiên",
          "url_thumbnail": "https://cf.shopee.vn/file/vn-11134207-7ras8-m0emjbc9wmb1d3",
          "official_type": 0,
          "brand": null,
          "shop_platform_name": "Minh Thư Natural",
          "shop_url": "https://shopee.vn/shop/290453087",
          "revenue": 10804000,
          "price": 25000,
          "rating_avg": 5.0,
          "order_count": 432,
          "rating_count": 114,
          "platform_created_at": 1596506759,
          "price_updated_at": 1726635444,
          "price_min": 7000,
          "price_max": 25000
        },
        {
          "product_base_id": "1__14913642791__29559718",
          "product_name": "Mascara Dầu Dừa Nguyên Chất Dưỡng Mi Rakisuta 5ml",
          "url_thumbnail": "https://cf.shopee.vn/file/e79af727c1688cf70e47f62a1c4397da",
          "official_type": 0,
          "brand": null,
          "shop_platform_name": "Bối Bối Shop",
          "shop_url": "https://shopee.vn/shop/29559718",
          "revenue": 11444000,
          "price": 28000,
          "rating_avg": 4.890410900115967,
          "order_count": 448,
          "rating_count": 146,
          "platform_created_at": 1638859936,
          "price_updated_at": 1726635381,
          "price_min": 25000,
          "price_max": 28000
        },
        {
          "product_base_id": "2__1616681929",
          "product_name": "Dưỡng MiMôi bằng dầu dừa nguyên chất dưỡng mi dài và dày dưỡng ẩm làm mờ thâm môi chống khô môi sunstore17",
          "url_thumbnail": "https://vn-live-01.slatic.net/p/08253e0e8afc3235cb42976c22c7a752.jpg",
          "official_type": 0,
          "brand": "No Brand",
          "shop_platform_name": "sunstore17",
          "shop_url": null,
          "revenue": 7955042,
          "price": 60000,
          "rating_avg": 5.0,
          "order_count": 202,
          "rating_count": 52,
          "platform_created_at": 1638234677,
          "price_updated_at": 1724393397,
          "price_min": 36100,
          "price_max": 60000
        },
        {
          "product_base_id": "2__2530737092",
          "product_name": "Dầu Dừa Nguyên Chất Ép Lạnh Bến Tre Dưỡng Mi Dưỡng Tóc 100ml Tinh Dầu Dừa Hữu Cơ Ép Lạnh Giảm Rạn Da",
          "url_thumbnail": "https://sg-test-11.slatic.net/p/a64ba6f12281dc6229bd47dfa5a15760.jpg",
          "official_type": 0,
          "brand": "No Brand",
          "shop_platform_name": "Bách Hóa Linh Lan 168",
          "shop_url": null,
          "revenue": 720000,
          "price": 45000,
          "rating_avg": 5.0,
          "order_count": 16,
          "rating_count": 3,
          "platform_created_at": 1703842654,
          "price_updated_at": 1724635272,
          "price_min": 21000,
          "price_max": 45000
        },
        {
          "product_base_id": "1__9530845038__178533868",
          "product_name": "Mascara Dầu Dừa Dưỡng Mi Dài Tự Nhiên Handmade",
          "url_thumbnail": "https://cf.shopee.vn/file/d730530431e01aa25f4b80c30629eb5b",
          "official_type": 0,
          "brand": null,
          "shop_platform_name": "Baonhu_handmade",
          "shop_url": "https://shopee.vn/shop/178533868",
          "revenue": 12123090,
          "price": 15500,
          "rating_avg": 4.956080913543701,
          "order_count": 841,
          "rating_count": 296,
          "platform_created_at": 1616518345,
          "price_updated_at": 1726634710,
          "price_min": 15500,
          "price_max": 15500
        },
        {
          "product_base_id": "8__1729670018553776441",
          "product_name": "Dầu dừa dưỡng mi Vietcoco mềm mượt giảm gãy rụng Nữ Cosmetic Trang Điểm Mỹ Phẩm Women Mascara",
          "url_thumbnail": "https://p16-oec-va.ibyteimg.com/tos-maliva-i-o3syd03w52-us/836d6e259c60429cab655b1b5b25bdbc~tplv-o3syd03w52-crop-webp:500:500.webp?from=2481794462",
          "official_type": 0,
          "brand": "vietcoco",
          "shop_platform_name": "Sweet Home - Hương Sắc Việt",
          "shop_url": "https://short.metric.vn/shop/8__7495158247342508345",
          "revenue": 700763,
          "price": 38000,
          "rating_avg": 5.0,
          "order_count": 28,
          "rating_count": 2,
          "platform_created_at": null,
          "price_updated_at": 1730846146,
          "price_min": 380,
          "price_max": 38000
        },
        {
          "product_base_id": "1__24369039068__1206405605",
          "product_name": "Dưỡng mi dầu dừa mascara dưỡng mi Healthy Hair 100 nguyên chất dưỡng mi dưỡng mày dày và dài hơn 10ml",
          "url_thumbnail": "https://cf.shopee.vn/file/vn-11134207-7r98o-lsv5cbhf5ltwe1",
          "official_type": 0,
          "brand": null,
          "shop_platform_name": "TIỆM TÓC HEALTHY ",
          "shop_url": "https://shopee.vn/shop/1206405605",
          "revenue": 4185600,
          "price": 18000,
          "rating_avg": 4.948276042938232,
          "order_count": 247,
          "rating_count": 58,
          "platform_created_at": 1710410684,
          "price_updated_at": 1725407125,
          "price_min": 18000,
          "price_max": 18000
        },
        {
          "product_base_id": "8__1729691140499737042",
          "product_name": "Dưỡng Mi dầu dừa lên men Giúp Lông Mi Dài và Dày Mỹ Phẩm Cosmetic Mascara",
          "url_thumbnail": "https://p16-oec-va.ibyteimg.com/tos-maliva-i-o3syd03w52-us/bc73e4b6badb41df95e902273076299b~tplv-o3syd03w52-resize-jpeg:800:800.jpeg?from=1826719393",
          "official_type": 0,
          "brand": null,
          "shop_platform_name": "Mỹ Phẩm Dr.Ánh",
          "shop_url": "https://short.metric.vn/shop/8__7494627753276574162",
          "revenue": 76144147,
          "price": 50000,
          "rating_avg": 4.900000095367432,
          "order_count": 2188,
          "rating_count": 184,
          "platform_created_at": null,
          "price_updated_at": 1730716604,
          "price_min": 18000,
          "price_max": 50000
        },
        {
          "product_base_id": "1__17504401128__199740429",
          "product_name": "50ml Dầu dừa tinh khiết mỹ phẩm dưỡng mi dưỡng môi dưỡng da Vietcoco",
          "url_thumbnail": "https://cf.shopee.vn/file/cce4b8e8fa318f15e15995ef715b32df",
          "official_type": 0,
          "brand": "vietcoco",
          "shop_platform_name": "Xuz Shop",
          "shop_url": "https://shopee.vn/shop/199740429",
          "revenue": 1732000,
          "price": 29900,
          "rating_avg": 5.0,
          "order_count": 59,
          "rating_count": 19,
          "platform_created_at": 1645090034,
          "price_updated_at": 1726801429,
          "price_min": 27000,
          "price_max": 29900
        },
        {
          "product_base_id": "1__8023292284__75873010",
          "product_name": "Chuốt Mi Dầu Dừa dưỡng mi cong vút Loại 10ml",
          "url_thumbnail": "https://cf.shopee.vn/file/4e047bf478f9724e08edc4e5bace3352",
          "official_type": 0,
          "brand": null,
          "shop_platform_name": "Serum Trị Mụn Mimosa",
          "shop_url": "https://shopee.vn/shop/75873010",
          "revenue": 11643800,
          "price": 9000,
          "rating_avg": 4.918919086456299,
          "order_count": 1464,
          "rating_count": 481,
          "platform_created_at": 1615347608,
          "price_updated_at": 1726703444,
          "price_min": 8900,
          "price_max": 9000
        },
        {
          "product_base_id": "1__15228984621__640073810",
          "product_name": "Dưỡng mi dài và dày từ dầu dừa nguyên chấtkích thích mọc michống rụng mi 10ml SUNSTORE.OFFICE",
          "url_thumbnail": "https://cf.shopee.vn/file/4d6f93fc213a3644ff7b438349c603b3",
          "official_type": 0,
          "brand": null,
          "shop_platform_name": "sunstore.office",
          "shop_url": "https://shopee.vn/shop/640073810",
          "revenue": 5967400,
          "price": 22000,
          "rating_avg": 4.912087917327881,
          "order_count": 269,
          "rating_count": 91,
          "platform_created_at": 1640941596,
          "price_updated_at": 1726718276,
          "price_min": 18000,
          "price_max": 25000
        },
        {
          "product_base_id": "1__15500675751__76019913",
          "product_name": "Dưỡng mi Chuốt mi dầu dừa Nhà nấu / Loại 10ml giúp mi dài nhanh và cong hơn",
          "url_thumbnail": "https://cf.shopee.vn/file/vn-11134207-7qukw-lgucq2grsapef0",
          "official_type": 0,
          "brand": null,
          "shop_platform_name": "Mua hàng online 24h",
          "shop_url": "https://shopee.vn/shop/76019913",
          "revenue": 6470485,
          "price": 14500,
          "rating_avg": 4.899280548095703,
          "order_count": 471,
          "rating_count": 139,
          "platform_created_at": 1637122267,
          "price_updated_at": 1726631821,
          "price_min": 11500,
          "price_max": 14500
        },
        {
          "product_base_id": "1__10492121916__728033685",
          "product_name": "Mascara Dưỡng Mi Dầu Dừa Dầu dừa nguyên chất thiên nhiên Nhà cô ba kích thích mọc mi dày & dài hơn 10ml",
          "url_thumbnail": "https://cf.shopee.vn/file/vn-11134207-7r98o-lwi2znkavwt741",
          "official_type": 0,
          "brand": null,
          "shop_platform_name": "DẦU GỘI BỒ KẾT - NHÀ CÔ BA",
          "shop_url": "https://shopee.vn/shop/728033685",
          "revenue": 19117498,
          "price": 59000,
          "rating_avg": 4.941314697265625,
          "order_count": 1156,
          "rating_count": 426,
          "platform_created_at": 1649251712,
          "price_updated_at": 1726634380,
          "price_min": 15000,
          "price_max": 59000
        },
        {
          "product_base_id": "2__1610049153",
          "product_name": "Dưỡng mi dài và dày từ dầu dừa nguyên chất kich thích mọc mi chống rụng mi 10ml sunstore17",
          "url_thumbnail": "https://vn-live-01.slatic.net/p/01c55697345397132cda79ba23da7a2c.jpg",
          "official_type": 0,
          "brand": "No Brand",
          "shop_platform_name": "sunstore17",
          "shop_url": null,
          "revenue": 9503946,
          "price": 25000,
          "rating_avg": 5.0,
          "order_count": 397,
          "rating_count": 76,
          "platform_created_at": 1637834286,
          "price_updated_at": 1724377475,
          "price_min": 22900,
          "price_max": 25000
        },
        {
          "product_base_id": "1__17371876098__230374458",
          "product_name": "Mascara Dầu Dừa Dưỡng Mi Mày Chắc Khỏe Sau 7 Ngày 10ml",
          "url_thumbnail": "https://cf.shopee.vn/file/vn-11134207-7r98o-lzgf2bt0h76p63",
          "official_type": 0,
          "brand": null,
          "shop_platform_name": "TỔNG KHO MỸ PHẨM SHOP9X",
          "shop_url": "https://shopee.vn/shop/230374458",
          "revenue": 13159000,
          "price": 35000,
          "rating_avg": 4.930434703826904,
          "order_count": 363,
          "rating_count": 115,
          "platform_created_at": 1654009384,
          "price_updated_at": 1726700831,
          "price_min": 33000,
          "price_max": 35000
        },
        {
          "product_base_id": "1__5226576585__16498542",
          "product_name": "Combo 10 Chuốt mi dầu dừa dưỡng mi cong nguyên chất 100",
          "url_thumbnail": "https://cf.shopee.vn/file/150c8594a8bb63ffb209d35532504fb6",
          "official_type": 0,
          "brand": null,
          "shop_platform_name": "Ling Organic",
          "shop_url": "https://shopee.vn/shop/16498542",
          "revenue": 28464470,
          "price": 95000,
          "rating_avg": 4.958333492279053,
          "order_count": 305,
          "rating_count": 48,
          "platform_created_at": 1586610001,
          "price_updated_at": 1726791840,
          "price_min": 95000,
          "price_max": 95000
        },
        {
          "product_base_id": "2__1239624543",
          "product_name": "Mascara Dầu Dừa Dưỡng Mi Dưỡng Mi Dài Và Cong Chuốt Mi Dầu Dừa MILAGANICS 5ml",
          "url_thumbnail": "https://vn-live-01.slatic.net/p/ba2fd49ab9d4bc00e348f3b096f6785a.png",
          "official_type": 0,
          "brand": "milaganics",
          "shop_platform_name": "eHerb.vn",
          "shop_url": null,
          "revenue": 89175475,
          "price": 74000,
          "rating_avg": 4.9175944328308105,
          "order_count": 2272,
          "rating_count": 449,
          "platform_created_at": 1616301984,
          "price_updated_at": 1724385161,
          "price_min": 15000,
          "price_max": 74000
        },
        {
          "product_base_id": "1__11268314891__308769288",
          "product_name": "Mascara Dưỡng Mi Dầu Dừa Nguyên Chất Kích Thích Mi Mọc Dày & Dài Hơn COCO SECRET 5ml",
          "url_thumbnail": "https://cf.shopee.vn/file/46e97d529bd5f481a9dd58edee7b5fdf",
          "official_type": 0,
          "brand": null,
          "shop_platform_name": "BeautyU - Mỹ Phẩm Thiên Nhiên",
          "shop_url": "https://shopee.vn/shop/308769288",
          "revenue": 3877250,
          "price": 29000,
          "rating_avg": 4.941176414489746,
          "order_count": 134,
          "rating_count": 51,
          "platform_created_at": 1636102466,
          "price_updated_at": 1725409982,
          "price_min": 28000,
          "price_max": 29000
        },
        {
          "product_base_id": "1__22412515546__6654075",
          "product_name": "Dầu dừa tinh khiết mỹ phẩm Vietcoco 250ml nhiều công dụng dưỡng môi dưỡng mi dưỡng tóc làm đẹp",
          "url_thumbnail": "https://cf.shopee.vn/file/sg-11134201-22120-d5f1wuibe0kv5a",
          "official_type": 0,
          "brand": "vietcoco",
          "shop_platform_name": "LeafOrganic - Natural &Organic",
          "shop_url": "https://shopee.vn/shop/6654075",
          "revenue": 2020414,
          "price": 45990,
          "rating_avg": 5.0,
          "order_count": 49,
          "rating_count": 12,
          "platform_created_at": 1671436446,
          "price_updated_at": 1725417517,
          "price_min": 38325,
          "price_max": 160020
        },
        {
          "product_base_id": "1__11386254674__76965128",
          "product_name": "Mascara Dưỡng Mi Dầu Dừa Nguyên Chất Rakisuta 5ml",
          "url_thumbnail": "https://cf.shopee.vn/file/cd8ba675cd2789ef5effc5413e51ce8c",
          "official_type": 0,
          "brand": null,
          "shop_platform_name": "MỸ PHẨM MIHA",
          "shop_url": "https://shopee.vn/shop/76965128",
          "revenue": 7137000,
          "price": 26000,
          "rating_avg": 4.887640476226807,
          "order_count": 286,
          "rating_count": 89,
          "platform_created_at": 1644233455,
          "price_updated_at": 1726623836,
          "price_min": 24000,
          "price_max": 26000
        },
        {
          "product_base_id": "1__10305750980__290739610",
          "product_name": "Dầu dừa Bình Định nấu củi TỐT NHẤT dầu dừa dưỡng mi dưỡng tóc thơm vàng nức mũi",
          "url_thumbnail": "https://cf.shopee.vn/file/vn-11134207-7r98o-lnpdvt27hxilf2",
          "official_type": 0,
          "brand": null,
          "shop_platform_name": "Trà Gạo Lức Phúc Thịnh",
          "shop_url": "https://shopee.vn/shop/290739610",
          "revenue": 2202000,
          "price": 19000,
          "rating_avg": 4.961538314819336,
          "order_count": 134,
          "rating_count": 26,
          "platform_created_at": 1621668024,
          "price_updated_at": 1726637548,
          "price_min": 17000,
          "price_max": 30000
        },
        {
          "product_base_id": "1__19185221664__59892367",
          "product_name": "Dầu dừa Tinh khiết Ép lạnh Nguyên chất Vietcoco massage dưỡng ẩm dưỡng mi dưỡng môi 30ml",
          "url_thumbnail": "https://cf.shopee.vn/file/vn-11134207-7r98o-lx7qh50qxujdd3",
          "official_type": 0,
          "brand": "vietcoco",
          "shop_platform_name": "Shop Thải Độc Cà Phê",
          "shop_url": "https://shopee.vn/shop/59892367",
          "revenue": 13460000,
          "price": 39000,
          "rating_avg": 4.889763832092285,
          "order_count": 460,
          "rating_count": 127,
          "platform_created_at": 1697244561,
          "price_updated_at": 1726635335,
          "price_min": 39000,
          "price_max": 149000
        },
        {
          "product_base_id": "1__4416393558__9028711",
          "product_name": "Dầu dừa ép lạnh nguyên chất dưỡng tóc dưỡng mi làm mềm da",
          "url_thumbnail": "https://cf.shopee.vn/file/vn-11134207-7r98o-lzadurt1ewjx92",
          "official_type": 0,
          "brand": "Bambi",
          "shop_platform_name": "Bimore - Mỹ Phẩm Xanh",
          "shop_url": "https://shopee.vn/shop/9028711",
          "revenue": 10088000,
          "price": 70000,
          "rating_avg": 4.92307710647583,
          "order_count": 165,
          "rating_count": 52,
          "platform_created_at": 1580788549,
          "price_updated_at": 1726636844,
          "price_min": 70000,
          "price_max": 90000
        },
        {
          "product_base_id": "8__1730537630146923052",
          "product_name": "Dưỡng mi dầu dừa Beco Beauty Vietnam mascara dầu dừa giúp dưỡng mi dài hơn và đậm màu hơn",
          "url_thumbnail": "https://p16-oec-va.ibyteimg.com/tos-maliva-i-o3syd03w52-us/05b559f4de1142b190b12d8b61333f82~tplv-o3syd03w52-crop-webp:500:500.webp?from=2481794462",
          "official_type": 0,
          "brand": null,
          "shop_platform_name": "BECO BEAUTY VIETNAM",
          "shop_url": "https://short.metric.vn/shop/8__7494662417528097324",
          "revenue": 339000,
          "price": 70000,
          "rating_avg": 5.0,
          "order_count": 11,
          "rating_count": 1,
          "platform_created_at": null,
          "price_updated_at": 1730863359,
          "price_min": 1,
          "price_max": 70000
        },
        {
          "product_base_id": "1__22551807709__252481472",
          "product_name": "vỏ mascara hàng chai đựng dầu dừa dưỡng mi",
          "url_thumbnail": "https://cf.shopee.vn/file/vn-11134207-7r98o-lkl7ufoab46i7c",
          "official_type": 0,
          "brand": null,
          "shop_platform_name": "kho hàng Anna",
          "shop_url": "https://shopee.vn/shop/252481472",
          "revenue": 1679000,
          "price": 10500,
          "rating_avg": 4.939393997192383,
          "order_count": 157,
          "rating_count": 33,
          "platform_created_at": 1692375099,
          "price_updated_at": 1726715079,
          "price_min": 10500,
          "price_max": 11000
        },
        {
          "product_base_id": "1__22430599454__966052722",
          "product_name": "Dưỡng mi dầu dừa Beco Beauty Vietnam mascara dầu dừa giúp dưỡng mi dài hơn và đậm màu hơn",
          "url_thumbnail": "https://cf.shopee.vn/file/vn-11134207-7r98o-lybvx0d71ft997",
          "official_type": 1,
          "brand": "BECO BEAUTY VIETNAM",
          "shop_platform_name": "Mỹ phẩm Beco Beauty",
          "shop_url": "https://shopee.vn/shop/966052722",
          "revenue": 9757000,
          "price": 19000,
          "rating_avg": 4.82608699798584,
          "order_count": 492,
          "rating_count": 161,
          "platform_created_at": 1678353943,
          "price_updated_at": 1725400869,
          "price_min": 19000,
          "price_max": 50000
        },
        {
          "product_base_id": "1__25253267156__1104100998",
          "product_name": "Dưỡng Mi Dài Dầu Dừa Nguyên Chất Mascara Serum Chuốt Dưỡng Mi Mày Với Thiết Kế Không Dính Vào Mắt",
          "url_thumbnail": "https://cf.shopee.vn/file/vn-11134207-7r98o-lp62hm1ujhvy66",
          "official_type": 0,
          "brand": "NÊLA VIETNAM",
          "shop_platform_name": "Nếp Làng Việt Nam",
          "shop_url": "https://shopee.vn/shop/1104100998",
          "revenue": 3596000,
          "price": 29000,
          "rating_avg": 5.0,
          "order_count": 121,
          "rating_count": 30,
          "platform_created_at": 1702355439,
          "price_updated_at": 1725412866,
          "price_min": 29000,
          "price_max": 29000
        },
        {
          "product_base_id": "1__23852149081__1028092551",
          "product_name": "Mascara dưỡng mi và lông mày VITABOX thành phần tự nhiên từ dầu dừa castor jojoba argan giúp mi dài dày cong 5mL",
          "url_thumbnail": "https://cf.shopee.vn/file/vn-11134207-7ras8-m140b084ykxna8",
          "official_type": 1,
          "brand": "vitabox",
          "shop_platform_name": "Vitabox official",
          "shop_url": "https://shopee.vn/shop/1028092551",
          "revenue": 592000,
          "price": 139000,
          "rating_avg": 4.75,
          "order_count": 5,
          "rating_count": 4,
          "platform_created_at": 1692679709,
          "price_updated_at": 1723542581,
          "price_min": 124000,
          "price_max": 252000
        },
        {
          "product_base_id": "2__675620140",
          "product_name": "Chuốt mi mascara dầu dừa dưỡng mi dày dài cong vuốt chính hiệu Quê Một Cục",
          "url_thumbnail": "https://vn-live-01.slatic.net/p/08ea91a972bdd9a31dfb45d8b5c7a90d.jpg",
          "official_type": 0,
          "brand": "quê một cục",
          "shop_platform_name": "Spa quê một cục",
          "shop_url": null,
          "revenue": 8221124,
          "price": 25000,
          "rating_avg": 4.960784435272217,
          "order_count": 394,
          "rating_count": 51,
          "platform_created_at": 1593160871,
          "price_updated_at": 1724389986,
          "price_min": 21655,
          "price_max": 25000
        },
        {
          "product_base_id": "1__26850859670__1210109967",
          "product_name": "Dưỡng Mi Dưỡng Mày Toàn Diện Dưỡng Mi Chắc Khỏe Dài Mascara dưỡng mi giữ ẩm dài mi từ dầu dừa nguyên chất 8ml",
          "url_thumbnail": "https://cf.shopee.vn/file/sg-11134201-7rd5f-lvol5o1cgyg7bc",
          "official_type": 0,
          "brand": "purevess",
          "shop_platform_name": "Gia dụng KaiBe",
          "shop_url": "https://shopee.vn/shop/1210109967",
          "revenue": 11178000,
          "price": 54000,
          "rating_avg": 4.789473533630371,
          "order_count": 207,
          "rating_count": 84,
          "platform_created_at": 1716550486,
          "price_updated_at": 1726698500,
          "price_min": 53000,
          "price_max": 139000
        },
        {
          "product_base_id": "1__2425674027__62075742",
          "product_name": "Dầu dừa tinh khiết mỹ phẩm Vietcoco 250ml dưỡng môi dưỡng mi dưỡng tóc",
          "url_thumbnail": "https://cf.shopee.vn/file/vn-11134207-7r98o-lqtuvt0sp1yvf1",
          "official_type": 0,
          "brand": "vietcoco",
          "shop_platform_name": "Leafshop_hcm",
          "shop_url": "https://shopee.vn/shop/62075742",
          "revenue": 1811875,
          "price": 133000,
          "rating_avg": 5.0,
          "order_count": 15,
          "rating_count": 7,
          "platform_created_at": 1562754652,
          "price_updated_at": 1726696533,
          "price_min": 127000,
          "price_max": 133000
        },
        {
          "product_base_id": "1__6173128095__357883141",
          "product_name": "Dưỡng Mi Dài Dầu Dừa Mẹ Ken 10ml Chuốt Dưỡng Mi Dài Dày Khỏe Kích Mọc Mi An Toàn Mộc Thiên",
          "url_thumbnail": "https://cf.shopee.vn/file/6b245634f8eee6473a21e060cac87705",
          "official_type": 0,
          "brand": "Mẹ Ken",
          "shop_platform_name": "Dầu Gội Thảo Mộc Mẹ Ken",
          "shop_url": "https://shopee.vn/shop/357883141",
          "revenue": 1710000,
          "price": 130000,
          "rating_avg": 5.0,
          "order_count": 15,
          "rating_count": 6,
          "platform_created_at": 1609749876,
          "price_updated_at": 1723606852,
          "price_min": 130000,
          "price_max": 130000
        },
        {
          "product_base_id": "2__2232935578",
          "product_name": "Dầu Dừa MILAGANICS Nguyên Chất Ép Lạnh Mỹ Phẩm Dưỡng Mi Dưỡng Tóc Dưỡng Môi Dưỡng Da 30ml",
          "url_thumbnail": "https://vn-live-01.slatic.net/p/9d0c93af18f1dbc4d635ab3dc198a8a2.jpg",
          "official_type": 1,
          "brand": "milaganics",
          "shop_platform_name": "eHerb",
          "shop_url": null,
          "revenue": 2551315,
          "price": 85000,
          "rating_avg": 5.0,
          "order_count": 31,
          "rating_count": 5,
          "platform_created_at": 1680254422,
          "price_updated_at": 1724422711,
          "price_min": 27674,
          "price_max": 85000
        },
        {
          "product_base_id": "8__1729588458062448976",
          "product_name": "Mascara Dưỡng mi dầu dừa hỗ trợ mi chắc khỏe giúp mi dài và dày Nữ Cosmetic",
          "url_thumbnail": "https://p16-oec-va.ibyteimg.com/tos-maliva-i-o3syd03w52-us/4658ae0069914f18b673a4362757b84a~tplv-o3syd03w52-crop-webp:500:500.webp?from=2481794462",
          "official_type": 1,
          "brand": null,
          "shop_platform_name": "Sunstore office",
          "shop_url": "https://short.metric.vn/shop/8__7494926598761580880",
          "revenue": 3747266,
          "price": 19800,
          "rating_avg": 4.599999904632568,
          "order_count": 264,
          "rating_count": 31,
          "platform_created_at": null,
          "price_updated_at": 1730873276,
          "price_min": 1,
          "price_max": 51900
        },
        {
          "product_base_id": "1__7407651197__139256246",
          "product_name": "Mascara Dầu Dừa Dưỡng Mi Coco Secret",
          "url_thumbnail": "https://cf.shopee.vn/file/vn-11134207-7qukw-lf994k4esmtm1b",
          "official_type": 0,
          "brand": "coco secret",
          "shop_platform_name": "Dầu Dừa Coco Secret",
          "shop_url": "https://shopee.vn/shop/139256246",
          "revenue": 32371100,
          "price": 30000,
          "rating_avg": 4.87033748626709,
          "order_count": 1533,
          "rating_count": 563,
          "platform_created_at": 1574218647,
          "price_updated_at": 1725396592,
          "price_min": 30000,
          "price_max": 30000
        },
        {
          "product_base_id": "1__2853101161__19913964",
          "product_name": "Dầu dừa dưỡng mi nguyên chất 8ml",
          "url_thumbnail": "https://cf.shopee.vn/file/2fb57083eea385d0bb484687ae2610b1",
          "official_type": 0,
          "brand": null,
          "shop_platform_name": "shopsautho",
          "shop_url": "https://shopee.vn/shop/19913964",
          "revenue": 9848900,
          "price": 10000,
          "rating_avg": 4.873873710632324,
          "order_count": 780,
          "rating_count": 222,
          "platform_created_at": 1568937992,
          "price_updated_at": 1725398436,
          "price_min": 9900,
          "price_max": 10000
        },
        {
          "product_base_id": "1__14839374929__655268956",
          "product_name": "Dầu dừa dưỡng mi Cửu Long",
          "url_thumbnail": "https://cf.shopee.vn/file/d94fc65ddf5e1ca48564c7462f39ea1d",
          "official_type": 1,
          "brand": "cửu long",
          "shop_platform_name": "Sieuthidua.coconutmart",
          "shop_url": "https://shopee.vn/shop/655268956",
          "revenue": 955680,
          "price": 48000,
          "rating_avg": 5.0,
          "order_count": 21,
          "rating_count": 3,
          "platform_created_at": 1642298695,
          "price_updated_at": 1726644321,
          "price_min": 39840,
          "price_max": 48000
        },
        {
          "product_base_id": "1__21730242031__832120085",
          "product_name": "Mascara dầu dừa Julyhouse nguyên chất giúp dưỡng mi giữ ẩm dài mi chân mày",
          "url_thumbnail": "https://cf.shopee.vn/file/vn-11134207-7ras8-m0v8kk9dt8y783",
          "official_type": 1,
          "brand": "julyhouse",
          "shop_platform_name": "Hi! Beauty Shop",
          "shop_url": "https://shopee.vn/shop/832120085",
          "revenue": 735000,
          "price": 28500,
          "rating_avg": 5.0,
          "order_count": 26,
          "rating_count": 5,
          "platform_created_at": 1659414644,
          "price_updated_at": 1726643705,
          "price_min": 28500,
          "price_max": 29000
        },
        {
          "product_base_id": "1__16996876224__94679384",
          "product_name": "CHUỐT DƯỠNG MI DẦU DỪA ÉP LẠNH LY TÂm TÁCH BÉO Nguyên chất tinh khiết An nam dường dài và dày mi",
          "url_thumbnail": "https://cf.shopee.vn/file/vn-11134207-7r98o-lp0jtcerpcuza3",
          "official_type": 0,
          "brand": null,
          "shop_platform_name": "NARA SPA OFFICAL",
          "shop_url": "https://shopee.vn/shop/94679384",
          "revenue": 1618500,
          "price": 26000,
          "rating_avg": 4.882352828979492,
          "order_count": 66,
          "rating_count": 17,
          "platform_created_at": 1702020231,
          "price_updated_at": 1726639242,
          "price_min": 25000,
          "price_max": 30000
        },
        {
          "product_base_id": "2__510492182",
          "product_name": "Dầu Dừa Nguyên Chất 100ml Làm Đẹp & Dưỡng Mi",
          "url_thumbnail": "https://vn-live-01.slatic.net/p/mdc/98be4b164d0a46036f9edd4eb074fde9.png",
          "official_type": 0,
          "brand": "No Brand",
          "shop_platform_name": "NaPo Shop",
          "shop_url": null,
          "revenue": 1879184,
          "price": 25000,
          "rating_avg": 5.0,
          "order_count": 63,
          "rating_count": 11,
          "platform_created_at": 1586587804,
          "price_updated_at": 1724409262,
          "price_min": 23000,
          "price_max": 40000
        },
        {
          "product_base_id": "1__23251468288__621786093",
          "product_name": "Dầu dừa ép lạnh 100ml nguyên chất htx sinh dược dầu dừa đạt chuẩn hữu cơ USDA DƯỠNG DA DƯỠNG MI DƯỠNG TÓC",
          "url_thumbnail": "https://cf.shopee.vn/file/vn-11134207-7r98o-lvvml3g7b4d7ab",
          "official_type": 0,
          "brand": "htx sinh dược",
          "shop_platform_name": "NHÀ QUÊ NÔNG SẢN XANH",
          "shop_url": "https://shopee.vn/shop/621786093",
          "revenue": 500000,
          "price": 25000,
          "rating_avg": 4.857142925262451,
          "order_count": 20,
          "rating_count": 7,
          "platform_created_at": 1692178646,
          "price_updated_at": 1726645120,
          "price_min": 25000,
          "price_max": 25000
        },
        {
          "product_base_id": "1__19080459027__297942706",
          "product_name": "Dầu Dừa Dưỡng Mi Mascara Dầu Dừa Nguyên Chất Bến Tre Kích Thích Mi Mọc Dày Dài Hơn 10ml",
          "url_thumbnail": "https://cf.shopee.vn/file/vn-11134201-7qukw-lhiu0xcqkxol23",
          "official_type": 0,
          "brand": null,
          "shop_platform_name": "Hạt Dinh Dưỡng Hoàng Phương",
          "shop_url": "https://shopee.vn/shop/297942706",
          "revenue": 2260200,
          "price": 22320,
          "rating_avg": 4.903225898742676,
          "order_count": 104,
          "rating_count": 31,
          "platform_created_at": 1685694870,
          "price_updated_at": 1726717020,
          "price_min": 21600,
          "price_max": 22320
        },
        {
          "product_base_id": "1__8863158234__398939151",
          "product_name": "DẦU DỪA NGUYÊN CHẤT VIETCOCO DƯỠNG MI DƯỠNG DA DƯỠNG TÓC 250ML 200ML 130ML",
          "url_thumbnail": "https://cf.shopee.vn/file/c357872460db36ceb840d1eaa19b51d5",
          "official_type": 0,
          "brand": null,
          "shop_platform_name": "TINH DẦU THIÊN NHIÊN HOA LINH",
          "shop_url": "https://shopee.vn/shop/398939151",
          "revenue": 562000,
          "price": 28000,
          "rating_avg": 5.0,
          "order_count": 20,
          "rating_count": 4,
          "platform_created_at": 1622792527,
          "price_updated_at": 1726644767,
          "price_min": 28000,
          "price_max": 68000
        },
        {
          "product_base_id": "1__22243723664__36758451",
          "product_name": "Dưỡng Mi Dầu Dừa",
          "url_thumbnail": "https://cf.shopee.vn/file/vn-11134207-7qukw-lh9tmd848hyr08",
          "official_type": 0,
          "brand": null,
          "shop_platform_name": "thuhuyen_14.06",
          "shop_url": "https://shopee.vn/shop/36758451",
          "revenue": 838000,
          "price": 15000,
          "rating_avg": 4.5,
          "order_count": 60,
          "rating_count": 14,
          "platform_created_at": 1685147371,
          "price_updated_at": 1725417162,
          "price_min": 15000,
          "price_max": 15000
        },
        {
          "product_base_id": "1__24165129718__857740479",
          "product_name": "DƯỠNG MI DẦU DỪADƯỠNG DÀI VÀ DẦY MIAN TOÀN",
          "url_thumbnail": "https://cf.shopee.vn/file/vn-11134207-7r98o-ls5kjy53pc5g64",
          "official_type": 0,
          "brand": null,
          "shop_platform_name": "BỘT PHÈN CHUA CHƯNG CẤT GIÁ SỈ",
          "shop_url": "https://shopee.vn/shop/857740479",
          "revenue": 624300,
          "price": 15000,
          "rating_avg": 5.0,
          "order_count": 40,
          "rating_count": 7,
          "platform_created_at": 1708861870,
          "price_updated_at": 1726641454,
          "price_min": 15000,
          "price_max": 15900
        }
      ]
    },
    "by_sub_category": null,
    "by_cat2_category": null,
    "by_brand_competitor": null,
    "by_keyword": null
  }
}